@inproceedings{engelhardt2016gravf,
    title={GraVF: A vertex-centric distributed graph processing framework on FPGAs},
    author={Engelhardt, Nina and So, Hayden Kwok-Hay},
    booktitle={Field Programmable Logic and Applications (FPL), 2016 26th International Conference on},
    pages={1--4},
    year={2016},
    organization={IEEE}
}

@inproceedings{ham2016graphicionado,
    title={Graphicionado: A high-performance and energy-efficient accelerator for graph analytics},
    author={Ham, Tae Jun and Wu, Lisa and Sundaram, Narayanan and Satish, Nadathur and Martonosi, Margaret},
    booktitle={Microarchitecture (MICRO), 2016 49th Annual IEEE/ACM International Symposium on},
    pages={1--13},
    year={2016},
    organization={IEEE}
}

@inproceedings{oguntebi2016graphops,
    title={Graphops: A dataflow library for graph analytics acceleration},
    author={Oguntebi, Tayo and Olukotun, Kunle},
    booktitle={Proceedings of the 2016 ACM/SIGDA International Symposium on Field-Programmable Gate Arrays},
    pages={111--117},
    year={2016},
    organization={ACM}
}

@inproceedings{umuroglu2015hybrid,
    title={Hybrid breadth-first search on a single-chip FPGA-CPU heterogeneous platform},
    author={Umuroglu, Yaman and Morrison, Donn and Jahre, Magnus},
    booktitle={Field Programmable Logic and Applications (FPL), 2015 25th International Conference on},
    pages={1--8},
    year={2015},
    organization={IEEE}
}

@inproceedings{attia2014cygraph,
    title={Cygraph: A reconfigurable architecture for parallel breadth-first search},
    author={Attia, Osama G and Johnson, Tyler and Townsend, Kevin and Jones, Philip and Zambreno, Joseph},
    booktitle={Parallel \& Distributed Processing Symposium Workshops (IPDPSW), 2014 IEEE International},
    pages={228--235},
    year={2014},
    organization={IEEE}
}

@inproceedings{betkaoui2012reconfigurable,
    title={A reconfigurable computing approach for efficient and scalable parallel graph exploration},
    author={Betkaoui, Brahim and Wang, Yu and Thomas, David B and Luk, Wayne},
    booktitle={Application-Specific Systems, Architectures and Processors (ASAP), 2012 IEEE 23rd International Conference on},
    pages={8--15},
    year={2012},
    organization={IEEE}
}

@article{liu2015enterprise,
    author = {Liu, Hang and Huang, H Howie},
    doi = {10.1145/2807591.2807594},
    isbn = {978-1-4503-3723-6},
    issn = {21674337},
    journal = {Proceedings of the International Conference for High Performance Computing, Networking, Storage and Analysis},
    pages = {68:1----68:12},
    title = {{Enterprise: Breadth-first Graph Traversal on GPUs}},
    url = {http://doi.acm.org/10.1145/2807591.2807594},
    year = {2015}
}

@article{kim2016ramulator,
    title={Ramulator: A fast and extensible DRAM simulator},
    author={Kim, Yoongu and Yang, Weikun and Mutlu, Onur},
    journal={IEEE Computer Architecture Letters},
    volume={15},
    number={1},
    pages={45--49},
    year={2016},
    publisher={IEEE}
}

@article{guotowards,
  title={Towards Adaptive Resource Allocation for Database Workloads},
  author={Guo, Cong and Karsten, Martin}
}

@inproceedings{soundararajan2009dynamic,
  title={Dynamic Resource Allocation for Database Servers Running on Virtual Storage.},
  author={Soundararajan, Gokul and Lupei, Daniel and Ghanbari, Saeed and Popescu, Adrian Daniel and Chen, Jin and Amza, Cristiana},
  booktitle={FAST},
  volume={9},
  pages={71--84},
  year={2009}
}

@inproceedings{sadoghi2012multi,
  title={Multi-query stream processing on fpgas},
  author={Sadoghi, Mohammad and Javed, Rija and Tarafdar, Naif and Singh, Harsh and Palaniappan, Rohan and Jacobsen, Hans-Arno},
  booktitle={2012 IEEE 28th International Conference on Data Engineering},
  pages={1229--1232},
  year={2012},
  organization={IEEE}
}

@article{chenaccelerating,
  title={Accelerating Equi-Join on a CPU-FPGA Heterogeneous Platform},
  author={Chen, Ren and Prasanna, Viktor K}
}

@article{papadimitriou2011performance,
  title={Performance of partial reconfiguration in FPGA systems: A survey and a cost model},
  author={Papadimitriou, Kyprianos and Dollas, Apostolos and Hauck, Scott},
  journal={ACM Transactions on Reconfigurable Technology and Systems (TRETS)},
  volume={4},
  number={4},
  pages={36},
  year={2011},
  publisher={ACM}
}

@article{zhang2013omnidb,
  title={Omnidb: Towards portable and efficient query processing on parallel cpu/gpu architectures},
  author={Zhang, Shuhao and He, Jiong and He, Bingsheng and Lu, Mian},
  journal={Proceedings of the VLDB Endowment},
  volume={6},
  number={12},
  pages={1374--1377},
  year={2013},
  publisher={VLDB Endowment}
}
