@article{guotowards,
  title={Towards Adaptive Resource Allocation for Database Workloads},
  author={Guo, Cong and Karsten, Martin}
}

@inproceedings{soundararajan2009dynamic,
  title={Dynamic Resource Allocation for Database Servers Running on Virtual Storage.},
  author={Soundararajan, Gokul and Lupei, Daniel and Ghanbari, Saeed and Popescu, Adrian Daniel and Chen, Jin and Amza, Cristiana},
  booktitle={FAST},
  volume={9},
  pages={71--84},
  year={2009}
}

@inproceedings{sadoghi2012multi,
  title={Multi-query stream processing on fpgas},
  author={Sadoghi, Mohammad and Javed, Rija and Tarafdar, Naif and Singh, Harsh and Palaniappan, Rohan and Jacobsen, Hans-Arno},
  booktitle={2012 IEEE 28th International Conference on Data Engineering},
  pages={1229--1232},
  year={2012},
  organization={IEEE}
}

@article{chenaccelerating,
  title={Accelerating Equi-Join on a CPU-FPGA Heterogeneous Platform},
  author={Chen, Ren and Prasanna, Viktor K}
}

@article{papadimitriou2011performance,
  title={Performance of partial reconfiguration in FPGA systems: A survey and a cost model},
  author={Papadimitriou, Kyprianos and Dollas, Apostolos and Hauck, Scott},
  journal={ACM Transactions on Reconfigurable Technology and Systems (TRETS)},
  volume={4},
  number={4},
  pages={36},
  year={2011},
  publisher={ACM}
}

@article{zhang2013omnidb,
  title={Omnidb: Towards portable and efficient query processing on parallel cpu/gpu architectures},
  author={Zhang, Shuhao and He, Jiong and He, Bingsheng and Lu, Mian},
  journal={Proceedings of the VLDB Endowment},
  volume={6},
  number={12},
  pages={1374--1377},
  year={2013},
  publisher={VLDB Endowment}
}

@misc{adm-pcie-7v3,
  author = "Alpha-Data",
  year = "2017",
  title = "{ADM-PCIE-7v3}",
  howpublished = "\url{http://www.alpha-data.com/dcp/products.php?product=adm-pcie-7v3}",
  note = "[Online; accessed 17-July-2017]"
}

@article{aydonat2017opencl,
    title={An OpenCL (TM) Deep Learning Accelerator on Arria 10},
    author={Aydonat, Utku and O'Connell, Shane and Capalija, Davor and Ling, Andrew C and Chiu, Gordon R},
    journal={arXiv preprint arXiv:1701.03534},
    year={2017}
}

@inproceedings{weller2017energy,
    title={Energy Efficient Scientific Computing on FPGAs using OpenCL},
    author={Weller, Dennis and Oboril, Fabian and Lukarski, Dimitar and Becker, Juergen and Tahoori, Mehdi},
    booktitle={Proceedings of the 2017 ACM/SIGDA International Symposium on Field-Programmable Gate Arrays},
    pages={247--256},
    year={2017},
    organization={ACM}
}

@inproceedings{wang2016accelerating,
    title={Accelerating Database Query Processing on OpenCL-based FPGAs},
    author={Wang, Zeke and Cheah, Huiyan and Paul, Johns and He, Bingsheng and Zhang, Wei},
    booktitle={Proceedings of the 2016 ACM/SIGDA International Symposium on Field-Programmable Gate Arrays},
    pages={274--274},
    year={2016},
    organization={ACM}
}

@inproceedings{zhang2017improving,
    title={Improving the Performance of OpenCL-based FPGA Accelerator for Convolutional Neural Network.},
    author={Zhang, Jialiang and Li, Jing},
    booktitle={FPGA},
    pages={25--34},
    year={2017}
}

@inproceedings{wang2015study,
    title={A study of data partitioning on OpenCL-based FPGAs},
    author={Wang, Zeke and He, Bingsheng and Zhang, Wei},
    booktitle={Field Programmable Logic and Applications (FPL), 2015 25th International Conference on},
    pages={1--8},
    year={2015},
    organization={IEEE}
}

@article{tatsumi2016evaluation,
    title={Evaluation of an OpenCL-Based FPGA Platform for Particle Filter},
    author={Tatsumi, Shunsuke and Hariyama, Masanori and Ikoma, Norikazu},
    journal={Journal of Advanced Computational Intelligence Vol},
    volume={20},
    number={5},
    year={2016}
}

@article{waidyasooriya2017opencl,
    title={OpenCL-Based FPGA Accelerator for 3D FDTD with Periodic and Absorbing Boundary Conditions},
    author={Waidyasooriya, Hasitha Muthumala and Endo, Tsukasa and Hariyama, Masanori and Ohtera, Yasuo},
    journal={International Journal of Reconfigurable Computing},
    volume={2017},
    year={2017},
    publisher={Hindawi Publishing Corporation}
}
