@inproceedings{charousset2014caf,
    title={Caf-the c++ actor framework for scalable and resource-efficient applications},
    author={Charousset, Dominik and Hiesgen, Raphael and Schmidt, Thomas C},
    booktitle={Proceedings of the 4th International Workshop on Programming based on Actors Agents
        \& Decentralized Control},
    pages={15--28},
    year={2014},
    organization={ACM}
}

@inproceedings{hiesgen2015manyfold,
    title={Manyfold actors: extending the C++ actor framework to heterogeneous many-core machines
        using OpenCL},
    author={Hiesgen, Raphael and Charousset, Dominik and Schmidt, Thomas C},
    booktitle={Proceedings of the 5th International Workshop on Programming Based on Actors,
        Agents, and Decentralized Control},
    pages={45--56},
    year={2015},
    organization={ACM}
}


@article{wu2014q100,
    title={Q100: the architecture and design of a database processing unit},
    author={Wu, Lisa and Lottarini, Andrea and Paine, Timothy K and Kim, Martha A and Ross, Kenneth
        A},
    journal={ACM SIGPLAN Notices},
    volume={49},
    number={4},
    pages={255--268},
    year={2014},
    publisher={ACM}
}


@article{wu2015q100,
    title={The Q100 Database Processing Unit},
    author={Wu, Lisa and Lottarini, Andrea and Paine, Timothy K and Kim, Martha A and Ross, Kenneth
        A},
    journal={IEEE Micro},
    volume={35},
    number={3},
    pages={34--46},
    year={2015},
    publisher={IEEE}
}

@inproceedings{chung2013linqits,
    title={Linqits: Big data on little clients},
    author={Chung, Eric S and Davis, John D and Lee, Jaewon},
    booktitle={ACM SIGARCH Computer Architecture News},
    volume={41},
    number={3},
    pages={261--272},
    year={2013},
    organization={ACM}
}

@article{guotowards,
    title={Towards Adaptive Resource Allocation for Database Workloads},
    author={Guo, Cong and Karsten, Martin}
}

@inproceedings{soundararajan2009dynamic,
  title={Dynamic Resource Allocation for Database Servers Running on Virtual Storage.},
  author={Soundararajan, Gokul and Lupei, Daniel and Ghanbari, Saeed and Popescu, Adrian Daniel and Chen, Jin and Amza, Cristiana},
  booktitle={FAST},
  volume={9},
  pages={71--84},
  year={2009}
}

@inproceedings{sadoghi2012multi,
  title={Multi-query stream processing on fpgas},
  author={Sadoghi, Mohammad and Javed, Rija and Tarafdar, Naif and Singh, Harsh and Palaniappan, Rohan and Jacobsen, Hans-Arno},
  booktitle={2012 IEEE 28th International Conference on Data Engineering},
  pages={1229--1232},
  year={2012},
  organization={IEEE}
}

@article{chenaccelerating,
  title={Accelerating Equi-Join on a CPU-FPGA Heterogeneous Platform},
  author={Chen, Ren and Prasanna, Viktor K}
}

@article{papadimitriou2011performance,
  title={Performance of partial reconfiguration in FPGA systems: A survey and a cost model},
  author={Papadimitriou, Kyprianos and Dollas, Apostolos and Hauck, Scott},
  journal={ACM Transactions on Reconfigurable Technology and Systems (TRETS)},
  volume={4},
  number={4},
  pages={36},
  year={2011},
  publisher={ACM}
}

@article{zhang2013omnidb,
  title={Omnidb: Towards portable and efficient query processing on parallel cpu/gpu architectures},
  author={Zhang, Shuhao and He, Jiong and He, Bingsheng and Lu, Mian},
  journal={Proceedings of the VLDB Endowment},
  volume={6},
  number={12},
  pages={1374--1377},
  year={2013},
  publisher={VLDB Endowment}
}
