@article{cong2011high,
  title={High-level synthesis for {FPGAs}: From prototyping to deployment},
  author={Cong, Jason and Liu, Bin and Neuendorffer, Stephen and Noguera, Juanjo and Vissers, Kees and Zhang, Zhiru},
  journal={Computer-Aided Design of Integrated Circuits and Systems, IEEE Transactions on},
  volume={30},
  number={4},
  pages={473--491},
  year={2011},
  publisher={IEEE}
}

@article{feist2012vivado,
  title={Vivado design suite},
  author={Feist, Tom},
  journal={Xilinx, White Paper Version},
  volume={1},
  year={2012}
}

@incollection{meredith2008high,
  title={High-level {SystemC} Synthesis with {Forte's} {Cynthesizer}},
  author={Meredith, Michael},
  booktitle={High-Level Synthesis},
  pages={75--97},
  year={2008},
  publisher={Springer}
}

@incollection{bollaert2008catapult,
  title={{Catapult} synthesis: a practical introduction to interactive {C} synthesis},
  author={Bollaert, Thomas},
  booktitle={High-Level Synthesis},
  pages={29--52},
  year={2008},
  publisher={Springer}
}

@incollection{wakabayashi2008all,
  title={{``All-in-C''} Behavioral Synthesis and Verification with {CyberWorkBench}},
  author={Wakabayashi, Kazutoshi and Schafer, Benjamin Carrion},
  booktitle={High-Level Synthesis},
  pages={113--127},
  year={2008},
  publisher={Springer}
}

@article{kucukcakar1998matisse,
  title={Matisse: an architectural design tool for commodity {ICs}},
  author={Kucukcakar, Kayhan and Chen, Chih-Tung and Gong, Jie and Philipsen, Wim and Tkacik, Thomas E},
  journal={Design \& Test of Computers, IEEE},
  volume={15},
  number={2},
  pages={22--33},
  year={1998},
  publisher={IEEE}
}

@incollection{coussy2008gaut,
  title={{GAUT}: A high-level synthesis tool for {DSP} applications},
  author={Coussy, Philippe and Chavet, Cyrille and Bomel, Pierre and Heller, Dominique and Senn, Eric and Martin, Eric},
  booktitle={High-Level Synthesis},
  pages={147--169},
  year={2008},
  publisher={Springer}
}

@inproceedings{panda19951995,
  title={1995 high level synthesis design repository},
  author={Panda, Preeti R and Dutt, Nikil D},
  booktitle={Proceedings of the 8th international symposium on System synthesis},
  pages={170--174},
  year={1995},
  organization={ACM}
}

@article{carrions2cbench,
  title={{S2CBench}: Synthesizable {SystemC} Benchmark Suite for High-Level Synthesis},
  author={Carrion Schafer, B and Mahapatra, Anushree},
  publisher={IEEE}
}

@inproceedings{hara2008chstone,
  title={{CHstone}: A benchmark program suite for practical {C}-based high-level synthesis},
  author={Hara, Yuko and Tomiyama, Hiroyuki and Honda, Shinya and Takada, Hiroaki and Ishii, Katsuya},
  booktitle={Circuits and Systems, 2008. ISCAS 2008. IEEE International Symposium on},
  pages={1192--1195},
  year={2008},
  organization={IEEE}
}


@article{benchmarkresults,
  title={Results@ 2005 Berkeley Design technology},
  author={Benchmark, BDTI},
  journal={Inc. TABLEEIV}
}


@article{martin2009high,
  title={High-level synthesis: Past, present, and future},
  author={Martin, Grant and Smith, Gary},
  journal={IEEE Design \& Test of Computers},
  volume={26},
  number={4},
  pages={18--25},
  year={2009}
}

@book{dutt1992benchmarks,
  title={Benchmarks for the 1992 high level synthesis workshop},
  author={Dutt, Nikil D and Ramachandran, Champaka},
  year={1992},
  publisher={Information and Computer Science, University of California, Irvine}
}


@incollection{zhang2008autopilot,
  title={{AutoPilot}: A platform-based {ESL} synthesis system},
  author={Zhang, Zhiru and Fan, Yiping and Jiang, Wei and Han, Guoling and Yang, Changqi and Cong, Jason},
  booktitle={High-Level Synthesis},
  pages={99--112},
  year={2008},
  publisher={Springer}
}

@book{fowler1999refactoring,
  title={Refactoring: improving the design of existing code},
  author={Fowler, Martin},
  year={1999},
  publisher={Pearson Education India}
}

@inproceedings{kleene1979origins,
  title={Origins of recursive function theory},
  author={Kleene, Stephen C},
  booktitle={Foundations of Computer Science, 1979., 20th Annual Symposium on},
  pages={371--382},
  year={1979},
  organization={IEEE}
}

@article{sedgewick1978implementing,
  title={Implementing quicksort programs},
  author={Sedgewick, Robert},
  journal={Communications of the ACM},
  volume={21},
  number={10},
  pages={847--857},
  year={1978},
  publisher={ACM}
}

@inproceedings{guthaus2001mibench,
  title={MiBench: A free, commercially representative embedded benchmark suite},
  author={Guthaus, Matthew R and Ringenberg, Jeffrey S and Ernst, Dan and Austin, Todd M and Mudge, Trevor and Brown, Richard B},
  booktitle={Workload Characterization, 2001. WWC-4. 2001 IEEE International Workshop on},
  pages={3--14},
  year={2001},
  organization={IEEE}
}

@article{volder1959cordic,
  title={The CORDIC trigonometric computing technique},
  author={Volder, Jack E},
  journal={Electronic Computers, IRE Transactions on},
  number={3},
  pages={330--334},
  year={1959},
  publisher={IEEE}
}


@electronic{cadencehls,
  title         = "Cadence Design Systems",
  url           = "http://www.cadence.com/products/sd/silicon_compiler/Pages/default.aspx"
}

@electronic{synopsyshls,
  title         = "High-level synthesis solution",
  url           = "http://www.synopsys.com/Systems/BlockDesign/HLS/Pages/default.aspx",
}

@electronic{BDTIbenchmarks,
  title         = "Overview of {BDTI} Benchmark Products and Services",
  url           = "http://www.bdti.com/Services/Benchmarks"
}

@electronic{synforatechnology,
  title         = "Technology Whitepaper",
  url           = "http://www.synfora.com/about/files"
}

@electronic{rotem2010c,
  author={Rotem, Nadav and Asher, Yosi Ben and Shochat, Eddie and Meisler, Danny},
  title={{C-to-Verilog}},
  url={http://c-to-verilog. com}
}