@INPROCEEDINGS{kalms2017exploration, 
	author={L. Kalms and D. Göhringer}, 
	booktitle={FPL}, 
	title={Exploration of OpenCL for FPGAs using SDAccel and comparison to GPUs and multicore CPUs}, 
	year={2017}, 
	volume={}, 
	number={}, 
	pages={1-4}, 
	keywords={electronic engineering computing;energy conservation;feature extraction;field programmable gate arrays;graphics processing units;high level synthesis;microprocessor chips;multiprocessing systems;optimisation;power aware computing;public domain software;FPGA implementations;HLS;OpenCL;SDAccel tool;Xilinx;energy efficiency;feature detection algorithm;heterogeneous computing;heterogeneous system;high-level synthesis;integrated GPU;multicore CPU;optimization strategies;Bandwidth;Field programmable gate arrays;Graphics processing units;Kernel;Optimization;Resource management;Accelerators;CPU;Energy Efficiency;FPGA;GPU;Image Processing;OpenCL;Performance;SDAccel}, 
	doi={10.23919/FPL.2017.8056847}, 
	ISSN={}, 
	_month={Sept},}

@inproceedings{dai2016fpgp,
    author    = {Guohao Dai and
        Yuze Chi and
            Yu Wang and
            Huazhong Yang},
    title     = {{FPGP:} Graph Processing Framework on {FPGA} {A} Case Study of Breadth-First
        Search},
    booktitle = {FPGA},
    pages     = {105--110},
    year      = {2016},
    _url       = {http://doi.acm.org/10.1145/2847263.2847339},
    _doi       = {10.1145/2847263.2847339},
    _timestamp = {Thu, 02 Feb 2017 15:22:27 +0100},
    _biburl    = {http://dblp.uni-trier.de/rec/bib/conf/fpga/DaiCWY16},
    _bibsource = {dblp computer science bibliography, http://dblp.org}
}

@inproceedings{wang2010message,
    title={A message-passing multi-softcore architecture on FPGA for breadth-first search},
    author={Wang, Qingbo and Jiang, Weirong and Xia, Yinglong and Prasanna, Viktor},
    booktitle={FPT},
    pages={70--77},
    year={2010},
    organization={IEEE}
}

@inproceedings{kapre2015custom,
    title={Custom fpga-based soft-processors for sparse graph acceleration},
    author={Kapre, Nachiket},
    booktitle={ASAP},
    pages={9--16},
    year={2015},
    organization={IEEE}
}

@article{shice2014parallel,
    title={Parallel Graph Traversal for FPGA},
    author={Shice Ni and Yong Dou and Dan Zou and Rongchun Li and Qiang Wang},
    journal={IEICE Electronics Express},
    volume={advpub},
    number={ },
    pages={},
    year={2014},
    _doi={10.1587/elex.11.20130987}
}

@inproceedings{zhang2017boosting,
    author    = {Jialiang Zhang and
        Soroosh Khoram and
            Jing Li},
    title     = {Boosting the Performance of FPGA-based Graph Processor using Hybrid
        Memory Cube: {A} Case for Breadth First Search},
    booktitle = {FPGA},
    pages     = {207--216},
    year      = {2017},
    _url       = {http://dl.acm.org/citation.cfm?id=3021737},
    _timestamp = {Fri, 03 Feb 2017 14:06:23 +0100},
    _biburl    = {http://dblp.uni-trier.de/rec/bib/conf/fpga/ZhangKL17},
    _bibsource = {dblp computer science bibliography, http://dblp.org}
}

@inproceedings{chakrabarti2004rmat,
    title={R-MAT: A recursive model for graph mining},
    author={Chakrabarti, Deepayan and Zhan, Yiping and Faloutsos, Christos},
    booktitle={ICDM},
    pages={442--446},
    year={2004},
    organization={SIAM}
}

@article{gap,
    author    = {Scott Beamer and
        Krste Asanovic and
            David A. Patterson},
    title     = {The {GAP} Benchmark Suite},
    journal   = {CoRR},
    volume    = {abs/1508.03619},
    year      = {2015},
    url       = {http://arxiv.org/abs/1508.03619},
    _timestamp = {Wed, 07 Jun 2017 14:43:10 +0200},
    _biburl    = {http://dblp.uni-trier.de/rec/bib/journals/corr/BeamerAP15},
    _bibsource = {dblp computer science bibliography, http://dblp.org}
}

@inproceedings{nurvitadhi2014graphgen,
	title="GraphGen: An FPGA Framework for Vertex-Centric Graph Computation",
	author="Eriko {Nurvitadhi} and Gabriel {Weisz} and Yu {Wang} and Skand {Hurkat} and Marie {Nguyen} and James C. {Hoe} and José F. {Martínez} and Carlos {Guestrin}",
	booktitle="FCCM",
	year="2014"
}

@inproceedings{malewicz2010pregel,
    title={Pregel: a system for large-scale graph processing},
    author={Malewicz, Grzegorz and Austern, Matthew H and Bik, Aart JC and Dehnert, James C and Horn, Ilan and Leiser, Naty and Czajkowski, Grzegorz},
    booktitle={Proceedings of the 2010 ACM SIGMOD International Conference on Management of data},
    pages={135--146},
    year={2010},
    organization={ACM}
}

@book{weinberg2008chameleon,
    title={The Chameleon framework: Practical solutions for memory behavior analysis},
    author={Weinberg, Jonathan},
    year={2008},
    publisher={University of California, San Diego}
}

@inproceedings{takac2012data,
    title={Data analysis in public social networks},
    author={Takac, Lubos and Zabovsky, Michal},
    booktitle={International Scientific Conference and International Workshop Present Day Trends of Innovations},
    volume={1},
    number={6},
    year={2012}
}

@INPROCEEDINGS{yang2012defining, 
    author={J. Yang and J. Leskovec}, 
    booktitle={ICDM}, 
    title={Defining and Evaluating Network Communities Based on Ground-Truth}, 
    year={2012}, 
    pages={745-754}, 
    keywords={information networks;pattern clustering;social networking (online);collaboration networks;conductance;densely linked communitty;gold-standard ground-truth community;heuristic parameter-free community detection method;information networks;interest based social groups;local spectral clustering algorithm;network community evaluation;node community detection;real-world networks;social networks;triad-participation-ratio;Collaboration;Communities;Image edge
        detection;Measurement;Robustness;Social network services;Community detection;Community scoring functions;Modularity;Network communities}, 
    _doi={10.1109/ICDM.2012.138}, 
    ISSN={1550-4786}, 
    _month={Dec},}

@ARTICLE{Nane2016hls-survey, 
    author={R. Nane and V. M. Sima and C. Pilato and J. Choi and B. Fort and A. Canis and Y. T. Chen and H. Hsiao and S. Brown and F. Ferrandi and J. Anderson and K. Bertels}, 
    journal={TCAD}, 
    title={A Survey and Evaluation of FPGA High-Level Synthesis Tools}, 
    year={2016}, 
    volume={35}, 
    number={10}, 
    pages={1591-1604}, 
    keywords={field programmable gate arrays;high level synthesis;integrated circuit design;FPGA;HLS;abstraction;comprehensive analysis;energy-efficient heterogeneous systems;field-programmable gate array circuit design;hardware functionality;high-level synthesis tool;software program;Field programmable gate arrays;Hardware;Hardware design languages;Optimization;Program processors;Yttrium;Bambu;Dwarv;LegUp;comparison;evaluation;field-programmable gate array (FPGA);high-level synthesis
        (HLS);survey}, 
    _doi={10.1109/TCAD.2015.2513673}, 
    ISSN={0278-0070}, 
    _month={Oct},}

@article{leskovec2009community,
    title={Community structure in large networks: Natural cluster sizes and the absence of large well-defined clusters},
    author={Leskovec, Jure and Lang, Kevin J and Dasgupta, Anirban and Mahoney, Michael W},
    journal={Internet Mathematics},
    volume={6},
    number={1},
    pages={29--123},
    year={2009},
    publisher={Taylor \& Francis}
}

@inproceedings{li2016clicknp,
    title={Clicknp: Highly flexible and high-performance network processing with reconfigurable hardware},
    author={Li, Bojie and Tan, Kun and Luo, Layong Larry and Peng, Yanqing and Luo, Renqian and Xu, Ningyi and Xiong, Yongqiang and Cheng, Peng},
    booktitle={Proceedings of the 2016 conference on ACM SIGCOMM 2016 Conference},
    pages={1--14},
    year={2016},
    organization={ACM}
}

@INPROCEEDINGS{zhang2017scalable, 
    author={X. Zhang and X. Shao and G. Provelengios and N. K. Dumpala and L. Gao and R. Tessier}, 
    booktitle={FCCM}, 
    title={Scalable Network Function Virtualization for Heterogeneous Middleboxes}, 
    year={2017}, 
    pages={219-226}, 
    keywords={computer networks;field programmable gate arrays;hardware-software codesign;microcomputers;multiprocessing systems;virtualisation;FPGA;NFV modules;NFV operations;field-programmable gate arrays;general-purpose processors;global coordinator;hardware reconfiguration functions;hardware-level parallelism;hardware-level reconfiguration;heterogeneous hardware-software approach;heterogeneous middleboxes;microprocessors;middlebox state rapid sharing;network users;scalable
        NFV;scalable network function virtualization;software tools;traffic management;Field programmable gate arrays;Hardware;Middleboxes;Network function virtualization;Program processors;Virtual machining}, 
    doi={10.1109/FCCM.2017.24}, 
    _month={April},}

@INPROCEEDINGS{wang2017relational, 
    author={Z. Wang and J. Paul and H. Y. Cheah and B. He and W. Zhang}, 
    booktitle={FPL}, 
    title={Relational query processing on OpenCL-based FPGAs}, 
    year={2016}, 
    pages={1-10}, 
    keywords={field programmable gate arrays;parallel processing;query processing;relational databases;FPGA synthesis time;FPGA-specific cost model;FPGA-specific optimization combinations;OpenCL HLS tool;OpenCL database;OpenCL kernels;OpenCL-based FPGAs;SIMD;compute unit;database applications;kernel vectorization;programmability;reconfigurable domain;relational query processing;single SQL query;Field programmable gate arrays;Kernel;Optimization;Query
        processing;Resource management}, 
    _doi={10.1109/FPL.2016.7577329}, 
    _month={Aug},}

@book{koch2016fpgas,
    title={FPGAs for Software Programmers},
    author={Koch, Dirk and Hannig, Frank and Ziener, Daniel},
    year={2016},
    publisher={Springer}
}

@misc{nimbix,
  author = "Nimbix",
  year = "2017",
  title = "{SDAccel on the Nimbix Cloud}",
  howpublished = "\url{https://www.nimbix.net/xilinx/}",
  _note = "[Online; accessed 1-Sep-2017]"
}

@misc{snapnets,
	author       = {Jure Leskovec and Andrej Krevl},
	title        = {{SNAP Datasets}: {Stanford} Large Network Dataset Collection},
	howpublished = {\url{http://snap.stanford.edu/data}},
	month        = jun,
	year         = 2014
}

@misc{ug902,
  author = "Xilinx",
  year = "2017",
  title = "{Vivado Design Suite User Guide: High Level Synthesis}",
  howpublished = "\url{https://www.xilinx.com/support/documentation/sw_manuals/xilinx2017_1/ug902-vivado-high-level-synthesis.pdf}",
  _note = "[Online; accessed 1-Sep-2017]"
}

@misc{supervessel,
  author = "IBM",
  year = "2017",
  title = "{OpenPOWER Cloud}",
  howpublished = "\url{http://research.ibm.com/labs/china/supervessel.html}",
  _note = "[Online; accessed 1-Sep-2017]"
}

@misc{intel-opencl,
  author = "Intel",
  year = "2017",
  title = "{Intel FPGA SDK for OpenCL}",
  howpublished = "\url{https://www.altera.com/products/design-software/embedded-software-developers/opencl/overview.html}",
  _note = "[Online; accessed 1-Sep-2017]"
}

@misc{xilinx-sdaccel,
  author = "Xilinx",
  year = "2017",
  title = "{SDAccel}",
  howpublished = "\url{https://www.xilinx.com/products/design-tools/software-zone/sdaccel.html}",
  _note = "[Online; accessed 1-Sep-2017]"
}


@misc{f1,
  author = "Amazon",
  year = "2017",
  title = "{Amazon EC2 F1 Instances}",
  howpublished = "\url{https://aws.amazon.com/ec2/instance-types/f1/}",
  _note = "[Online; accessed 1-Sep-2017]"
}

@misc{baidu-cloud,
  author = "Baidu",
  year = "2017",
  title = "{FPGA Cloud Compute}",
  howpublished = "\url{https://cloud.baidu.com/product/fpga.html}",
  _note = "[Online; accessed 1-Sep-2017]"
}

@misc{aliyun,
  author = "Alibaba",
  year = "2017",
  title = "{Aliyun FPGA Cloud Server}",
  howpublished = "\url{https://cn.aliyun.com/product/ecs/fpga}",
  _note = "[Online; accessed 1-Sep-2017]"
}

@inproceedings{Ma2017fpga,
    author = {Ma, Xiaoyu and Zhang, Dan and Chiou, Derek},
    title = {FPGA-Accelerated Transactional Execution of Graph Workloads},
    booktitle = {FPGA},
    _series = {FPGA '17},
    year = {2017},
    isbn = {978-1-4503-4354-1},
    location = {Monterey, California, USA},
    pages = {227--236},
    numpages = {10},
    _url = {http://doi.acm.org.libproxy1.nus.edu.sg/10.1145/3020078.3021743},
    _doi = {10.1145/3020078.3021743},
    _acmid = {3021743},
    publisher = {ACM},
    _address = {New York, NY, USA},
    keywords = {FPGA accelerator, graph application, multi-threaded architecture, throughput compute, transactional memory},
} 

@INPROCEEDINGS{zhou2016high, 
    author={S. Zhou and C. Chelmis and V. K. Prasanna}, 
    booktitle={FCCM}, 
    title={High-Throughput and Energy-Efficient Graph Processing on FPGA}, 
    year={2016}, 
    publisher = {IEEE},
    pages={103-110}, 
    keywords={DRAM chips;energy conservation;field programmable gate arrays;logic design;parallel architectures;performance evaluation;power aware computing;trees (mathematics);FPGA design;MTEPS;concurrent multiple input data processing;data layout;edge-centric computing;efficient memory activation schedule;energy-efficiency improvement;energy-efficient graph processing;external memory bandwidth saturation;external memory performance optimization;high-throughput graph
        processing;large-scale graph processing design;million traversed edges per second;minimum spanning tree algorithm;on-chip memory power consumption reduction;parallel architecture;single-source shortest path algorithm;throughput improvement;weakly connected component algorithm;Field programmable gate arrays;Layout;Memory management;Optimization;Random access memory;Throughput;Writing}, 
    doi={10.1109/FCCM.2016.35}, 
    _month={May},}

@inproceedings{Dai2017foregraph,
    author = {Dai, Guohao and Huang, Tianhao and Chi, Yuze and Xu, Ningyi and Wang, Yu and Yang, Huazhong},
    title = {ForeGraph: Exploring Large-scale Graph Processing on Multi-FPGA Architecture},
    booktitle = {FPGA},
    _series = {FPGA '17},
    year = {2017},
    isbn = {978-1-4503-4354-1},
    _location = {Monterey, California, USA},
    pages = {217--226},
    numpages = {10},
    _url = {http://doi.acm.org.libproxy1.nus.edu.sg/10.1145/3020078.3021739},
    _doi = {10.1145/3020078.3021739},
    acmid = {3021739},
    publisher = {ACM},
    address = {New York, NY, USA},
    keywords = {large-scale graph processing, multi-FPGA architecture},
} 


@inproceedings{fowers2015scalable,
    title={A scalable high-bandwidth architecture for lossless compression on fpgas},
    author={Fowers, Jeremy and Kim, Joo-Young and Burger, Doug and Hauck, Scott},
    booktitle={FCCM},
    pages={52--59},
    year={2015},
    organization={IEEE}
}

@inproceedings{guan2017fpdnn,
    title={FP-DNN: An Automated Framework for Mapping Deep Neural Networks onto FPGAs with RTL-HLS Hybrid Templates},
    author={Guan, Yijin and Liang, Hao and Xu, Ningyi and Wang, Wenqiang and Shi, Shaoshuai and Chen, Xi and Sun, Guangyu and Zhang, Wei and Cong, Jason},
    booktitle={Field-Programmable Custom Computing Machines (FCCM), 2017 IEEE 25th Annual International Symposium on},
    pages={152--159},
    year={2017},
    organization={IEEE}
}

@inproceedings{Zhang2017frequency,
    author = {Zhang, Chi and Prasanna, Viktor},
    title = {Frequency Domain Acceleration of Convolutional Neural Networks on CPU-FPGA Shared Memory System},
    booktitle = {FPGA},
    _series = {FPGA '17},
    year = {2017},
    _isbn = {978-1-4503-4354-1},
    _location = {Monterey, California, USA},
    pages = {35--44},
    numpages = {10},
    _url = {http://doi.acm.org.libproxy1.nus.edu.sg/10.1145/3020078.3021727},
    _doi = {10.1145/3020078.3021727},
    acmid = {3021727},
    publisher = {ACM},
    _address = {New York, NY, USA},
    keywords = {CPU, FPGA, concurrent processing, convolutional neural networks, discrete fourier transform, double buffering, overlap-and-add, shared memory},
} 


@inproceedings{Zhang2017improving,
    author = {Zhang, Jialiang and Li, Jing},
    title = {Improving the Performance of OpenCL-based FPGA Accelerator for Convolutional Neural Network},
    booktitle = {FPGA},
    _series = {FPGA '17},
    year = {2017},
    _isbn = {978-1-4503-4354-1},
    _location = {Monterey, California, USA},
    pages = {25--34},
    numpages = {10},
    _url = {http://doi.acm.org.libproxy1.nus.edu.sg/10.1145/3020078.3021698},
    _doi = {10.1145/3020078.3021698},
    acmid = {3021698},
    publisher = {ACM},
    address = {New York, NY, USA},
    keywords = {convolutional neural networks, fpga, hardware accelerator, opencl},
} 

@inproceedings{Zhao2017accelerating,
    author = {Zhao, Ritchie and Song, Weinan and Zhang, Wentao and Xing, Tianwei and Lin, Jeng-Hau and Srivastava, Mani and Gupta, Rajesh and Zhang, Zhiru},
    title = {Accelerating Binarized Convolutional Neural Networks with Software-Programmable FPGAs},
    booktitle = {FPGA},
    _series = {FPGA '17},
    year = {2017},
    isbn = {978-1-4503-4354-1},
    _location = {Monterey, California, USA},
    pages = {15--24},
    numpages = {10},
    _url = {http://doi.acm.org.libproxy1.nus.edu.sg/10.1145/3020078.3021741},
    _doi = {10.1145/3020078.3021741},
    acmid = {3021741},
    publisher = {ACM},
    _address = {New York, NY, USA},
    keywords = {FPGAs, binarized, binarized convolutional networks, deep learning, high-level synthesis, reconfigurable computing},
} 


@inproceedings{engelhardt2016gravf,
    title={GraVF: A vertex-centric distributed graph processing framework on FPGAs},
    author={Engelhardt, Nina and So, Hayden Kwok-Hay},
    booktitle={FPL},
    pages={1--4},
    year={2016},
    organization={IEEE}
}

@inproceedings{ham2016graphicionado,
    title={Graphicionado: A high-performance and energy-efficient accelerator for graph analytics},
    author={Ham, Tae Jun and Wu, Lisa and Sundaram, Narayanan and Satish, Nadathur and Martonosi, Margaret},
    booktitle={Micro},
    pages={1--13},
    year={2016},
    organization={IEEE}
}

@inproceedings{oguntebi2016graphops,
    title={Graphops: A dataflow library for graph analytics acceleration},
    author={Oguntebi, Tayo and Olukotun, Kunle},
    booktitle={FPGA},
    pages={111--117},
    year={2016},
    organization={ACM}
}

@inproceedings{umuroglu2015hybrid,
    title={Hybrid breadth-first search on a single-chip FPGA-CPU heterogeneous platform},
    author={Umuroglu, Yaman and Morrison, Donn and Jahre, Magnus},
    booktitle={FPL},
    pages={1--8},
    year={2015},
    organization={IEEE}
}

@inproceedings{attia2014cygraph,
    title={Cygraph: A reconfigurable architecture for parallel breadth-first search},
    author={Attia, Osama G and Johnson, Tyler and Townsend, Kevin and Jones, Philip and Zambreno, Joseph},
    booktitle={IPDPSW},
    pages={228--235},
    year={2014},
    organization={IEEE}
}

@inproceedings{betkaoui2012reconfigurable,
    title={A reconfigurable computing approach for efficient and scalable parallel graph exploration},
    author={Betkaoui, Brahim and Wang, Yu and Thomas, David B and Luk, Wayne},
    booktitle={ASAP},
    pages={8--15},
    year={2012},
    organization={IEEE}
}

@article{liu2015enterprise,
    author = {Liu, Hang and Huang, H Howie},
    doi = {10.1145/2807591.2807594},
    isbn = {978-1-4503-3723-6},
    issn = {21674337},
    journal = {SC},
    pages = {68:1----68:12},
    title = {{Enterprise: Breadth-first Graph Traversal on GPUs}},
    _url = {http://doi.acm.org/10.1145/2807591.2807594},
    year = {2015}
}

@article{kim2016ramulator,
    title={Ramulator: A fast and extensible DRAM simulator},
    author={Kim, Yoongu and Yang, Weikun and Mutlu, Onur},
    journal={IEEE Computer Architecture Letters},
    volume={15},
    number={1},
    pages={45--49},
    year={2016},
    publisher={IEEE}
}

@article{guotowards,
  title={Towards Adaptive Resource Allocation for Database Workloads},
  author={Guo, Cong and Karsten, Martin}
}

@inproceedings{soundararajan2009dynamic,
  title={Dynamic Resource Allocation for Database Servers Running on Virtual Storage.},
  author={Soundararajan, Gokul and Lupei, Daniel and Ghanbari, Saeed and Popescu, Adrian Daniel and Chen, Jin and Amza, Cristiana},
  booktitle={FAST},
  volume={9},
  pages={71--84},
  year={2009}
}

@inproceedings{sadoghi2012multi,
  title={Multi-query stream processing on fpgas},
  author={Sadoghi, Mohammad and Javed, Rija and Tarafdar, Naif and Singh, Harsh and Palaniappan, Rohan and Jacobsen, Hans-Arno},
  booktitle={2012 IEEE 28th International Conference on Data Engineering},
  pages={1229--1232},
  year={2012},
  organization={IEEE}
}

@article{chenaccelerating,
  title={Accelerating Equi-Join on a CPU-FPGA Heterogeneous Platform},
  author={Chen, Ren and Prasanna, Viktor K}
}

@article{papadimitriou2011performance,
  title={Performance of partial reconfiguration in FPGA systems: A survey and a cost model},
  author={Papadimitriou, Kyprianos and Dollas, Apostolos and Hauck, Scott},
  journal={TRETS},
  volume={4},
  number={4},
  pages={36},
  year={2011},
  publisher={ACM}
}

@article{zhang2013omnidb,
  title={Omnidb: Towards portable and efficient query processing on parallel cpu/gpu architectures},
  author={Zhang, Shuhao and He, Jiong and He, Bingsheng and Lu, Mian},
  journal={Proceedings of the VLDB Endowment},
  volume={6},
  number={12},
  pages={1374--1377},
  year={2013},
  publisher={VLDB Endowment}
}

@INPROCEEDINGS{gautier2016spector, 
	author={Q. Gautier and A. Althoff and Pingfan Meng and R. Kastner}, 
	booktitle={FPT}, 
	title={Spector: An OpenCL FPGA benchmark suite}, 
	year={2016}, 
	volume={}, 
	number={}, 
	pages={141-148}, 
	keywords={field programmable gate arrays;high level synthesis;optimisation;statistical analysis;Altera OpenCL SDK;FPGA benchmark suite;Spector;Terasic DE5 board;design optimization;high-level synthesis tools;statistical analysis;Benchmark testing;Computational modeling;Discrete cosine transforms;Histograms;Manuals;Open source software;Pipelines}, 
	_doi={10.1109/FPT.2016.7929519}, 
	ISSN={}, 
	_month={Dec},}
