/home/liucheng/gitrepo/graph-database-survey/refs.bib