@article{fpgapower,
 title = {“Reducing Power Consumption in Xilinx FPGAs,” http://vhdlguru.blogspot.com/2011/07/}
}

@article{guo2015pimenergy,
 title = {Mingyu Gao et al. Practical near-data processing for in-memory analytics frameworks. In PACT, pages 113–124. IEEE, 2015.}
}

@article{dataflow,
 title={J. B. Dennis, “First version of a data flow procedure language,”
in Proceedings of the Programming Symposium (PS),
1974, pp. 362–376.}
}

@article{reram2,
title = {C. Xu and et al., “Overcoming the challenges of crossbar resistive
memory architectures,” in HPCA, 2015.}
}

@book{thomas2008verilog,
  title={The Verilog{\textregistered} Hardware Description Language},
  author={Thomas, Donald and Moorby, Philip},
  year={2008},
  publisher={Springer Science \& Business Media}
}


@book{ashenden2010designervhdl,
  title={The designer's guide to VHDL},
  author={Ashenden, Peter J},
  volume={3},
  year={2010},
  publisher={Morgan Kaufmann}
}

@ article{DSA,
 TITLE = {John L. Hennessy, and David A. Patterson. "Domain Specific Architectures," in Computer architecture: a quantitative approach, Sixth Edition, Elsevier, 2018.}
}

@ article{DDFCP,
TITLE = {Luis Ceze, Mark Hill, Karthikeyan Sankaralingam, and Thomas Wenisch. "Democratizing Design for Future Computing Platforms," June 26, 2017, www.cccblog.org/2017/06/26/democratizing-design-for-future-computing-platforms.}
}

@ article{RISCV,
TITLE = {www.riscv.org}
}

@ article{ERI,
TITLE = {DARPA, Broad Agency Announcement. "Electronics Resurgence Initiative," September 13, 2017.}
}

@ article{AGILE,
TITLE = {Yunsup Lee, Andrew Waterman, Henry Cook, Brian Zimmer, et al. "An agile approach to building RISC-V microprocessors," IEEE Micro 36, no. 2 (2016): 8-20.}

}

@ ARTICLE{ADH,
TITLE = {David A. Patterson, and Borivoje Nikolić. "Agile Design for Hardware, Parts I, II, III," EE Times, July 27 to August 3, 2015.}
}

@ article{microsoftazure,
title = {Adrian M Caulfield, Eric S Chung, Andrew Putnam, Hari Angepat,
Jeremy Fowers, Michael Haselman, Stephen Heil, Matt Humphrey,
Puneet Kaur, Joo-Young Kim, et al. 2016. A cloud-scale acceleration
architecture. In MICRO 2016. IEEE, 1–13.}
}

@ article{aws-ec2,
title = {2017. AWS EC2 FPGA Hardware and Software Development Kit. (2017). https://github.com/aws/aws-fpga}
}

@ article{hmc,
title = {J. T. Pawlowski, “Hybrid memory cube (hmc),” in IEEE Hot Chips,
2011.}
}

@ article{hbm,
title = {https://www.jedec.org/standards-documents/docs/jesd235a}
}

@ article{reram,
title = {H.-S. P. Wong, H.-Y. Lee, S. Yu, Y.-S. Chen, Y. Wu, P.-S. Chen,
B. Lee, F. T. Chen, and M.-J. Tsai, “Metal–oxide rram,” Proceedings
of the IEEE, vol. 100, no. 6, pp. 1951–1970, 2012.}
}

@inproceedings{yao2018pact,
 author = {yao},
 title = {An Efficient Graph Accelerator with Parallel Data Conflict Management},
 booktitle = {PACT 2018}
}

@inproceedings{JUN2018GRAFBOOST,
 author = {SANG WOO JUN},
 title = {GraFBoost: Using accelerated flash storage for external graph analytics},
 booktitle = {ISCA 2018}
}




@INPROCEEDINGS{umuroglu2015hybridbfsfpga, 
author={Y. Umuroglu and D. Morrison and M. Jahre}, 
booktitle={2015 25th International Conference on Field Programmable Logic and Applications (FPL)}, 
title={Hybrid breadth-first search on a single-chip FPGA-CPU heterogeneous platform}, 
year={2015}, 
volume={}, 
number={}, 
pages={1-8}, 
keywords={DRAM chips;field programmable gate arrays;graph theory;mathematics computing;microprocessor chips;small-world networks;tree searching;BFS algorithm;ZedBoard platform;average traversal speed;bandwidth utilization;graph metrics;graph processing applications;hybrid CPU-GPU approaches;hybrid breadth-first search algorithm;irregular memory access patterns;memory access patterns;parallelism degree;redundant computation;single-chip FPGA-CPU heterogeneous platform;single-die FPGA-CPU heterogeneous device;synthetic small-world graphs;traversal algorithm;Arrays;Bandwidth;Field programmable gate arrays;Parallel processing;Random access memory;Sparse matrices;Switches;accelerator architecture;breadth-first search (BFS);matrices over semirings;memory access patterns;sparse matrix}, 
doi={10.1109/FPL.2015.7293939}, 
ISSN={1946-147X}, 
month={Sept},}

@article{Han2018reram,
 author = {Han, Lei and Shen, Zhaoyan and Liu, Duo and Shao, Zili and Huang, H. Howie and Li, Tao},
 title = {A Novel ReRAM-Based Processing-in-Memory Architecture for Graph Traversal},
 journal = {ACM Trans. Storage},
 issue_date = {April 2018},
 volume = {14},
 number = {1},
 month = feb,
 year = {2018},
 issn = {1553-3077},
 pages = {9:1--9:26},
 articleno = {9},
 numpages = {26},
 url = {http://doi.acm.org/10.1145/3177916},
 doi = {10.1145/3177916},
 acmid = {3177916},
 publisher = {ACM},
 address = {New York, NY, USA},
 keywords = {BFS, ReRAM, architecture, processing-in-memory},
} 

@INPROCEEDINGS{betkaoui2012ssspbrain, 
author={B. Betkaoui and Y. Wang and D. B. Thomas and W. Luk}, 
booktitle={22nd International Conference on Field Programmable Logic and Applications (FPL)}, 
title={Parallel FPGA-based all pairs shortest paths for sparse networks: A human brain connectome case study}, 
year={2012}, 
volume={}, 
number={}, 
pages={99-104}, 
keywords={bioinformatics;biomedical electronics;brain;distributed memory systems;field programmable gate arrays;graphics processing units;medical computing;microprocessor chips;optimisation;AMD Cypress GPU implementation;APSP algorithm;all pairs shortest path algorithm;computationally intensive bioinformatics application;distributed on-chip memory resource;high-latency off-chip memory;human brain connectome case study;human brain network data;input graph data;memory-latency bound algorithm;multicore CPU;optimisation;parallel FPGA;sparse network;Algorithm design and analysis;Arrays;Field programmable gate arrays;Humans;Kernel;Random access memory;System-on-a-chip}, 
doi={10.1109/FPL.2012.6339247}, 
ISSN={1946-147X}, 
month={Aug},}

@INPROCEEDINGS{kapre2015softcorefpga, 
author={N. Kapre}, 
booktitle={2015 IEEE 26th International Conference on Application-specific Systems, Architectures and Processors (ASAP)}, 
title={Custom FPGA-based soft-processors for sparse graph acceleration}, 
year={2015}, 
volume={}, 
number={}, 
pages={9-16}, 
keywords={field programmable gate arrays;graph theory;network-on-chip;FPGA-based soft processor;RTL;Vivado high-level synthesis;address generator;data memory;packet-switched network-on-chip;processor instruction;sparse graph acceleration;zero-overhead loop iterator;Algorithm design and analysis;Field programmable gate arrays;Hardware;Program processors;Random access memory;Registers;Sparse matrices}, 
doi={10.1109/ASAP.2015.7245698}, 
ISSN={1063-6862}, 
month={July},}

@inproceedings{Zhou2018fastcf,
 author = {Zhou, Shijie and Kannan, Rajgopal and Min, Yu and Prasanna, Viktor K.},
 title = {FASTCF: FPGA-based Accelerator for STochastic-Gradient-Descent-based Collaborative Filtering},
 booktitle = {Proceedings of the 2018 ACM/SIGDA International Symposium on Field-Programmable Gate Arrays},
 series = {FPGA '18},
 year = {2018},
 isbn = {978-1-4503-5614-5},
 location = {Monterey, CALIFORNIA, USA},
 pages = {259--268},
 numpages = {10},
 url = {http://doi.acm.org/10.1145/3174243.3174252},
 doi = {10.1145/3174243.3174252},
 acmid = {3174252},
 publisher = {ACM},
 address = {New York, NY, USA},
 keywords = {bipartite graph representation, sparse matrix factorization, training process},
}

@inproceedings{Zhang2018degreebfsfpga,
 author = {Zhang, Jialiang and Li, Jing},
 title = {Degree-aware Hybrid Graph Traversal on FPGA-HMC Platform},
 booktitle = {Proceedings of the 2018 ACM/SIGDA International Symposium on Field-Programmable Gate Arrays},
 series = {FPGA '18},
 year = {2018},
 isbn = {978-1-4503-5614-5},
 location = {Monterey, CALIFORNIA, USA},
 pages = {229--238},
 numpages = {10},
 url = {http://doi.acm.org/10.1145/3174243.3174245},
 doi = {10.1145/3174243.3174245},
 acmid = {3174245},
 publisher = {ACM},
 address = {New York, NY, USA},
 keywords = {fpga, graph processing, hybrid memory cude},
} 


@INPROCEEDINGS{zhou2017cpufpga, 
author={S. Zhou and V. K. Prasanna}, 
booktitle={2017 29th International Symposium on Computer Architecture and High Performance Computing (SBAC-PAD)}, 
title={Accelerating Graph Analytics on CPU-FPGA Heterogeneous Platform}, 
year={2017}, 
volume={}, 
number={}, 
pages={137-144}, 
keywords={data structures;field programmable gate arrays;graph theory;logic design;microprocessor chips;multiprocessing systems;parallel processing;search problems;CPU-FPGA heterogeneous platform;active vertex ratio;breadth-first search graph algorithm;design graph analytics accelerators;efficient parallel computation;fundamental graph algorithms;graph analytics accelerator;graph partitioning;hardware accelerators;hybrid algorithm;hybrid data structure;redundant edge traversals;simple but efficient paradigm selection approach;single-source shortest path graph algorithm;vertex-centric edge-centric paradigms;vertex-centric paradigm;Acceleration;Algorithm design and analysis;Arrays;Central Processing Unit;Field programmable gate arrays;Partitioning algorithms}, 
doi={10.1109/SBAC-PAD.2017.25}, 
ISSN={}, 
month={Oct},}

@inproceedings{Zhang2016osdihiddendimension,
 author = {Zhang, Mingxing and Wu, Yongwei and Chen, Kang and Qian, Xuehai and Li, Xue and Zheng, Weimin},
 title = {Exploring the Hidden Dimension in Graph Processing},
 booktitle = {Proceedings of the 12th USENIX Conference on Operating Systems Design and Implementation},
 series = {OSDI'16},
 year = {2016},
 isbn = {978-1-931971-33-1},
 location = {Savannah, GA, USA},
 pages = {285--300},
 numpages = {16},
 url = {http://dl.acm.org/citation.cfm?id=3026877.3026900},
 acmid = {3026900},
 publisher = {USENIX Association},
 address = {Berkeley, CA, USA},
} 


@INPROCEEDINGS{singapura2017oscar, 
author={S. G. Singapura and A. Srivastava and R. Kannan and V. K. Prasanna}, 
booktitle={2017 IEEE High Performance Extreme Computing Conference (HPEC)}, 
title={OSCAR: Optimizing SCrAtchpad reuse for graph processing}, 
year={2017}, 
volume={}, 
number={}, 
pages={1-7}, 
keywords={DRAM chips;graph theory;memory architecture;search problems;storage management;BFS;DRAM accesses;SSSP;breadth first search;intelligent reuse;large capacity DRAM;optimized edge-centric graph processing algorithm;real world graphs;scratchpad based architecture;scratchpad data;scratchpad memory;scratchpad reuse;single source shortest path;total memory access cost;user addressable small capacity scratchpad;Algorithm design and analysis;Bandwidth;Computer architecture;Program processors;Random access memory;System-on-chip;Three-dimensional displays}, 
doi={10.1109/HPEC.2017.8091070}, 
ISSN={}, 
month={Sept},}

@inproceedings{Windh2015fpgacam,
 author = {Windh, Skyler and Budhkar, Prerna and Najjar, Walid A.},
 title = {CAMs As Synchronizing Caches for Multithreaded Irregular Applications on FPGAs},
 booktitle = {Proceedings of the IEEE/ACM International Conference on Computer-Aided Design},
 series = {ICCAD '15},
 year = {2015},
 isbn = {978-1-4673-8389-9},
 location = {Austin, TX, USA},
 pages = {331--336},
 numpages = {6},
 url = {http://dl.acm.org/citation.cfm?id=2840819.2840866},
 acmid = {2840866},
 publisher = {IEEE Press},
 address = {Piscataway, NJ, USA},
 keywords = {CAM, FPGA, Multithreading, bandwidth, synchronizing caches},
} 


@inproceedings{Jiang2016reusingsimd,
 author = {Jiang, Peng and Chen, Linchuan and Agrawal, Gagan},
 title = {Reusing Data Reorganization for Efficient SIMD Parallelization of Adaptive Irregular Applications},
 booktitle = {Proceedings of the 2016 International Conference on Supercomputing},
 series = {ICS '16},
 year = {2016},
 isbn = {978-1-4503-4361-9},
 location = {Istanbul, Turkey},
 pages = {16:1--16:10},
 articleno = {16},
 numpages = {10},
 url = {http://doi.acm.org/10.1145/2925426.2926285},
 doi = {10.1145/2925426.2926285},
 acmid = {2926285},
 publisher = {ACM},
 address = {New York, NY, USA},
} 

@INPROCEEDINGS{fauzia2015characterizinggpu, 
author={N. Fauzia and L. N. Pouchet and P. Sadayappan}, 
booktitle={2015 IEEE/ACM International Symposium on Code Generation and Optimization (CGO)}, 
title={Characterizing and enhancing global memory data coalescing on GPUs}, 
year={2015}, 
volume={}, 
number={}, 
pages={12-22}, 
keywords={graphics processing units;parallel programming;storage management;system monitoring;GPU;Polybench suites;Rodinia suites;arbitrary PTX programs;coalesced access;dynamic analysis;global memory data coalescing;model-driven approach;parallel programming;uncoalesced access characterization;uncoalesced access detection;Geometry;Graphics processing units;Instruction sets;Instruments;Kernel;Optimization;Performance analysis;GPU;PTX;coalescing;dynamic analysis;locality;polyhedral compilation;program transformation}, 
doi={10.1109/CGO.2015.7054183}, 
ISSN={}, 
month={Feb},}

@inproceedings{Ren2013simdirregular,
 author = {Ren, Bin and Poutanen, Tomi and Mytkowicz, Todd and Schulte, Wolfram and Agrawal, Gagan and Larus, James R.},
 title = {SIMD Parallelization of Applications That Traverse Irregular Data Structures},
 booktitle = {Proceedings of the 2013 IEEE/ACM International Symposium on Code Generation and Optimization (CGO)},
 series = {CGO '13},
 year = {2013},
 isbn = {978-1-4673-5524-7},
 pages = {1--10},
 numpages = {10},
 url = {http://dx.doi.org/10.1109/CGO.2013.6494989},
 doi = {10.1109/CGO.2013.6494989},
 acmid = {2495925},
 publisher = {IEEE Computer Society},
 address = {Washington, DC, USA},
 keywords = {SIMD,Irregular Data Structure,Fine Grained Parallelism},
} 

@inproceedings{Wu2013complexityanalysisgpu,
 author = {Wu, Bo and Zhao, Zhijia and Zhang, Eddy Zheng and Jiang, Yunlian and Shen, Xipeng},
 title = {Complexity Analysis and Algorithm Design for Reorganizing Data to Minimize Non-coalesced Memory Accesses on GPU},
 booktitle = {Proceedings of the 18th ACM SIGPLAN Symposium on Principles and Practice of Parallel Programming},
 series = {PPoPP '13},
 year = {2013},
 isbn = {978-1-4503-1922-5},
 location = {Shenzhen, China},
 pages = {57--68},
 numpages = {12},
 url = {http://doi.acm.org/10.1145/2442516.2442523},
 doi = {10.1145/2442516.2442523},
 acmid = {2442523},
 publisher = {ACM},
 address = {New York, NY, USA},
 keywords = {computational complexity, data transformation, gpgpu, memory coalescing, runtime optimizations, thread-data remapping},
} 

@inproceedings{Shi2015hybridcoloring,
 author = {Shi, Xuanhua and Liang, Junling and Di, Sheng and He, Bingsheng and Jin, Hai and Lu, Lu and Wang, Zhixiang and Luo, Xuan and Zhong, Jianlong},
 title = {Optimization of Asynchronous Graph Processing on GPU with Hybrid Coloring Model},
 booktitle = {Proceedings of the 20th ACM SIGPLAN Symposium on Principles and Practice of Parallel Programming},
 series = {PPoPP 2015},
 year = {2015},
 isbn = {978-1-4503-3205-7},
 location = {San Francisco, CA, USA},
 pages = {271--272},
 numpages = {2},
 url = {http://doi.acm.org/10.1145/2688500.2688542},
 doi = {10.1145/2688500.2688542},
 acmid = {2688542},
 publisher = {ACM},
 address = {New York, NY, USA},
 keywords = {Asynchronous Computing, GPGPU, Graph Processing},
} 

@article{brandes2001BC,
author = { Ulrik   Brandes },
title = {A faster algorithm for betweenness centrality},
journal = {The Journal of Mathematical Sociology},
volume = {25},
number = {2},
pages = {163-177},
year  = {2001},
publisher = {Routledge},
doi = {10.1080/0022250X.2001.9990249},

URL = { 
        https://doi.org/10.1080/0022250X.2001.9990249
    
},
eprint = { 
        https://doi.org/10.1080/0022250X.2001.9990249
    
}

}


@inproceedings{Kwak2010twitter,
 author = {Kwak, Haewoon and Lee, Changhyun and Park, Hosung and Moon, Sue},
 title = {What is Twitter, a Social Network or a News Media?},
 booktitle = {Proceedings of the 19th International Conference on World Wide Web},
 series = {WWW '10},
 year = {2010},
 isbn = {978-1-60558-799-8},
 location = {Raleigh, North Carolina, USA},
 pages = {591--600},
 numpages = {10},
 url = {http://doi.acm.org/10.1145/1772690.1772751},
 doi = {10.1145/1772690.1772751},
 acmid = {1772751},
 publisher = {ACM},
 address = {New York, NY, USA},
 keywords = {Twitter, degree of separation, homophily, influential, information diffusion, online social network, pagerank, reciprocity, retweet},
} 

@inproceedings{Qin2014scalablemapreduce,
 author = {Qin, Lu and Yu, Jeffrey Xu and Chang, Lijun and Cheng, Hong and Zhang, Chengqi and Lin, Xuemin},
 title = {Scalable Big Graph Processing in MapReduce},
 booktitle = {Proceedings of the 2014 ACM SIGMOD International Conference on Management of Data},
 series = {SIGMOD '14},
 year = {2014},
 isbn = {978-1-4503-2376-5},
 location = {Snowbird, Utah, USA},
 pages = {827--838},
 numpages = {12},
 url = {http://doi.acm.org/10.1145/2588555.2593661},
 doi = {10.1145/2588555.2593661},
 acmid = {2593661},
 publisher = {ACM},
 address = {New York, NY, USA},
 keywords = {MapReduce, big data, cloud computing, graph},
} 

@inproceedings{Barguno2011parallelgdb,
 author = {Bargu\~{n}\'{o}, Luis and Munt{\'e}s-Mulero, Victor and Dominguez-Sal, David and Valduriez, Patrick},
 title = {ParallelGDB: A Parallel Graph Database Based on Cache Specialization},
 booktitle = {Proceedings of the 15th Symposium on International Database Engineering \&\#38; Applications},
 series = {IDEAS '11},
 year = {2011},
 isbn = {978-1-4503-0627-0},
 location = {Lisboa, Portugal},
 pages = {162--169},
 numpages = {8},
 url = {http://doi.acm.org/10.1145/2076623.2076643},
 doi = {10.1145/2076623.2076643},
 acmid = {2076643},
 publisher = {ACM},
 address = {New York, NY, USA},
 keywords = {cache specialization, distributed and parallel computing, distributed and parallel databases, distributed graphs, graph algorithms, graph database, replication and caching},
} 

@article{Sarwat2013horton+,
 author = {Sarwat, Mohamed and Elnikety, Sameh and He, Yuxiong and Mokbel, Mohamed F.},
 title = {Horton+: A Distributed System for Processing Declarative Reachability Queries over Partitioned Graphs},
 journal = {Proc. VLDB Endow.},
 issue_date = {September 2013},
 volume = {6},
 number = {14},
 month = sep,
 year = {2013},
 issn = {2150-8097},
 pages = {1918--1929},
 numpages = {12},
 url = {http://dx.doi.org/10.14778/2556549.2556573},
 doi = {10.14778/2556549.2556573},
 acmid = {2556573},
 publisher = {VLDB Endowment},
}

@inproceedings{Kang2011gbase,
 author = {Kang, U. and Tong, Hanghang and Sun, Jimeng and Lin, Ching-Yung and Faloutsos, Christos},
 title = {GBASE: A Scalable and General Graph Management System},
 booktitle = {Proceedings of the 17th ACM SIGKDD International Conference on Knowledge Discovery and Data Mining},
 series = {KDD '11},
 year = {2011},
 isbn = {978-1-4503-0813-7},
 location = {San Diego, California, USA},
 pages = {1091--1099},
 numpages = {9},
 url = {http://doi.acm.org/10.1145/2020408.2020580},
 doi = {10.1145/2020408.2020580},
 acmid = {2020580},
 publisher = {ACM},
 address = {New York, NY, USA},
 keywords = {compression, distributed computing, graph, indexing},
} 

@article{Krepska2011hipg,
 author = {Krepska, Elzbieta and Kielmann, Thilo and Fokkink, Wan and Bal, Henri},
 title = {HipG: Parallel Processing of Large-scale Graphs},
 journal = {SIGOPS Oper. Syst. Rev.},
 issue_date = {July 2011},
 volume = {45},
 number = {2},
 month = jul,
 year = {2011},
 issn = {0163-5980},
 pages = {3--13},
 numpages = {11},
 url = {http://doi.acm.org/10.1145/2007183.2007185},
 doi = {10.1145/2007183.2007185},
 acmid = {2007185},
 publisher = {ACM},
 address = {New York, NY, USA},
} 

@INPROCEEDINGS{seo2010hama, 
author={S. Seo and E. J. Yoon and J. Kim and S. Jin and J. S. Kim and S. Maeng}, 
booktitle={2010 IEEE Second International Conference on Cloud Computing Technology and Science}, 
title={HAMA: An Efficient Matrix Computation with the MapReduce Framework}, 
year={2010}, 
volume={}, 
number={}, 
pages={721-726}, 
keywords={cloud computing;parallel processing;software architecture;HAMA;MapReduce framework;high level matrix computation;parallel systems literature;Context;Engines;Google;Iterative algorithm;Iterative methods;Scalability;Sparse matrices;MPI;MapReduce;Scientific computing}, 
doi={10.1109/CloudCom.2010.17}, 
ISSN={}, 
month={Nov},}

@inproceedings{abou2006multilevel,
  title={Multilevel algorithms for partitioning power-law graphs},
  author={Abou-Rjeili, Amine and Karypis, George},
  booktitle={Proceedings of the 20th International Parallel and Distributed Processing Symposium},
  pages={10--pp},
  year={2006},
  organization={IEEE}
}

@article{communitynetworkstructure,
author = {Leskovec, Jure and J. Lang, Kevin and Dasgupta, Anirban and Mahoney, Michael},
year = {2008},
month = {11},
pages = {},
title = {Community Structure in Large Networks: Natural Cluster Sizes and the Absence of Large Well-Defined Clusters},
volume = {6},
booktitle = {Internet Mathematics}
}



@article{lahiri2013oracle,
  title={Oracle TimesTen: An In-Memory Database for Enterprise Applications.},
  author={Lahiri, Tirthankar and Neimat, Marie-Anne and Folkman, Steve},
  journal={IEEE Data Eng. Bull.},
  volume={36},
  number={2},
  pages={6--13},
  year={2013},
  publisher={Citeseer}
}

@article{farber2012sap,
  title={SAP HANA database: data management for modern business applications},
  author={F{\"a}rber, Franz and Cha, Sang Kyun and Primsch, J{\"u}rgen and Bornh{\"o}vd, Christof and Sigg, Stefan and Lehner, Wolfgang},
  journal={ACM Sigmod Record},
  volume={40},
  number={4},
  pages={45--51},
  year={2012},
  publisher={ACM}
}

@inproceedings{jindal2015graph,
  title={Graph analytics using vertica relational database},
  author={Jindal, Alekh and Madden, Samuel and Castellanos, Mal{\'u} and Hsu, Meichun},
  booktitle={2015 IEEE International Conference on Big Data (Big Data)},
  pages={1191--1200},
  year={2015},
  organization={IEEE}
}

@misc{apachespark,
  title = {Apache spark},
  howpublished = {https://spark.apache.org}

}

@article{Dean2004mapreduce,
 author = {Dean, Jeffrey and Ghemawat, Sanjay},
 title = {MapReduce: Simplified Data Processing on Large Clusters},
 booktitle = {Proceedings of the 6th Conference on Symposium on Opearting Systems Design \& Implementation - Volume 6},
 series = {OSDI'04},
 year = {2004},
 location = {San Francisco, CA},
 pages = {10--10},
 numpages = {1},
 url = {http://dl.acm.org/citation.cfm?id=1251254.1251264},
 acmid = {1251264},
 publisher = {USENIX Association},
 address = {Berkeley, CA, USA},
}

@article{bu2010haloop,
  title={HaLoop: Efficient iterative data processing on large clusters},
  author={Bu, Yingyi and Howe, Bill and Balazinska, Magdalena and Ernst, Michael D},
  journal={Proceedings of the VLDB Endowment},
  volume={3},
  number={1-2},
  pages={285--296},
  year={2010},
  publisher={VLDB Endowment}
}

@inproceedings{kang2009pegasus,
  title={Pegasus: A peta-scale graph mining system implementation and observations},
  author={Kang, U and Tsourakakis, Charalampos E and Faloutsos, Christos},
  booktitle={Data Mining, 2009. ICDM'09. Ninth IEEE International Conference on},
  pages={229--238},
  year={2009},
  organization={IEEE}
}

@INPROCEEDINGS{beamer2012bfs, 
author={S. Beamer and K. Asanovic and D. Patterson}, 
booktitle={2012 International Conference for High Performance Computing, Networking, Storage and Analysis (SC)}, 
title={Direction-optimizing Breadth-First Search}, 
year={2012}, 
volume={}, 
number={}, 
pages={1-10}, 
keywords={graph theory;graphics processing units;network theory (graphs);search problems;shared memory systems;BFS;GPU system;bottom-up algorithm;breadth-first search;graph edges;graph-processing applications;hybrid approach;low-diameter scale-free input graphs;multicore system;multisocket server;shared memory implementations;social networks;standard synthetic graphs;top-down algorithm;Clustering algorithms;Data structures;Runtime;Social network services;Sockets;Switches;Tuning}, 
doi={10.1109/SC.2012.50}, 
ISSN={2167-4329}, 
month={Nov},}

@inproceedings{greiner1994comparison,
  title={A comparison of parallel algorithms for connected components},
  author={Greiner, John},
  booktitle={Proceedings of the sixth annual ACM symposium on Parallel algorithms and architectures},
  pages={16--25},
  year={1994},
  organization={ACM}
}

@article{karypis1998partitiongraph,
  title={A fast and high quality multilevel scheme for partitioning irregular graphs},
  author={Karypis, George and Kumar, Vipin},
  journal={SIAM Journal on scientific Computing},
  volume={20},
  number={1},
  pages={359--392},
  year={1998},
  publisher={SIAM}
}

@inproceedings{Kyrola2012graphchi,
 author = {Kyrola, Aapo and Blelloch, Guy and Guestrin, Carlos},
 title = {GraphChi: Large-scale Graph Computation on Just a PC},
 booktitle = {Proceedings of the 10th USENIX Conference on Operating Systems Design and Implementation},
 series = {OSDI'12},
 year = {2012},
 isbn = {978-1-931971-96-6},
 location = {Hollywood, CA, USA},
 pages = {31--46},
 numpages = {16},
 url = {http://dl.acm.org/citation.cfm?id=2387880.2387884},
 acmid = {2387884},
 publisher = {USENIX Association},
 address = {Berkeley, CA, USA},
}

@inproceedings{vora2016load,
  title={Load the Edges You Need: A Generic I/O Optimization for Disk-based Graph Processing.},
  author={Vora, Keval and Guoqing (Harry) Xu and Gupta, Rajiv},
  booktitle={USENIX Annual Technical Conference},
  pages={507--522},
  year={2016}
}

@INPROCEEDINGS{Song2016fine-grained, 
author={S. Song and X. Zheng and A. Gerstlauer and L. K. John}, 
booktitle={2016 IEEE International Conference on Big Data (Big Data)}, 
title={Fine-grained power analysis of emerging graph processing workloads for cloud operations management}, 
year={2016}, 
volume={}, 
number={}, 
pages={2121-2126}, 
keywords={cloud computing;graph theory;power aware computing;cloud computing;cloud operation management;component-level power behavior;computing node;computing threads;dynamic voltage and frequency scaling polices;energy consumption;energy-efficient resource allocation;fine-grained power analysis;fine-grained power traces;graph processing framework deployment;graph processing framework management;graph processing workload;maximum frequency;online software power estimation tool;optimal performance;power consumption;static power consumption;Cloud computing;Computational modeling;Engines;Hardware;Power demand;Power measurement;Radiation detectors}, 
doi={10.1109/BigData.2016.7840840}, 
ISSN={}, 
month={Dec},}

@inproceedings{han2013turbograph,
  title={TurboGraph: a fast parallel graph engine handling billion-scale graphs in a single PC},
  author={Han, Wook-Shin and Lee, Sangyeon and Park, Kyungyeol and Lee, Jeong-Hoon and Kim, Min-Soo and Kim, Jinha and Yu, Hwanjo},
  booktitle={Proceedings of the 19th ACM SIGKDD international conference on Knowledge discovery and data mining},
  pages={77--85},
  year={2013},
  organization={ACM}
}

@inproceedings{cheng2015venus,
  title={VENUS: Vertex-centric streamlined graph computation on a single PC},
  author={Cheng, Jiefeng and Liu, Qin and Li, Zhenguo and Fan, Wei and Lui, John CS and He, Cheng},
  booktitle={2015 IEEE 31st International Conference on Data Engineering (ICDE)},
  pages={1131--1142},
  year={2015},
  organization={IEEE}
}

@inproceedings{chi2016nxgraph,
  title={Nxgraph: An efficient graph processing system on a single machine},
  author={Chi, Yuze and Dai, Guohao and Wang, Yu and Sun, Guangyu and Li, Guoliang and Yang, Huazhong},
  booktitle={2016 IEEE 32nd International Conference on Data Engineering (ICDE)},
  pages={409--420},
  year={2016},
  organization={IEEE}
}

@inproceedings{zhu2015gridgraph,
  title={GridGraph: Large-Scale Graph Processing on a Single Machine Using 2-Level Hierarchical Partitioning.},
  author={Zhu, Xiaowei and Han, Wentao and Chen, Wenguang},
  booktitle={USENIX Annual Technical Conference},
  pages={375--386},
  year={2015}
}

@inproceedings{yuan2014pathgraph,
  title={Fast iterative graph computation: A path centric approach},
  author={Yuan, Pingpeng and Zhang, Wenya and Xie, Changfeng and Jin, Hai and Liu, Ling and Lee, Kisung},
  booktitle={Proceedings of the International Conference for High Performance Computing, Networking, Storage and Analysis},
  pages={401--412},
  year={2014},
  organization={IEEE Press}
}

@inproceedings{Shun2013ligra,
 author = {Shun, Julian and Blelloch, Guy E.},
 title = {Ligra: A Lightweight Graph Processing Framework for Shared Memory},
 booktitle = {Proceedings of the 18th ACM SIGPLAN Symposium on Principles and Practice of Parallel Programming},
 series = {PPoPP '13},
 year = {2013},
 isbn = {978-1-4503-1922-5},
 location = {Shenzhen, China},
 pages = {135--146},
 numpages = {12},
 url = {http://doi.acm.org/10.1145/2442516.2442530},
 doi = {10.1145/2442516.2442530},
 acmid = {2442530},
 publisher = {ACM},
 address = {New York, NY, USA},
 keywords = {graph algorithms, parallel programming, shared memory},
}

@inproceedings{nguyen2013galois,
  title={A lightweight infrastructure for graph analytics},
  author={Nguyen, Donald and Lenharth, Andrew and Pingali, Keshav},
  booktitle={Proceedings of the Twenty-Fourth ACM Symposium on Operating Systems Principles},
  pages={456--471},
  year={2013},
  organization={ACM}
}

@article{sundaram2015graphmat,
  title={Graphmat: High performance graph analytics made productive},
  author={Sundaram, Narayanan and Satish, Nadathur and Patwary, Md Mostofa Ali and Dulloor, Subramanya R and Anderson, Michael J and Vadlamudi, Satya Gautam and Das, Dipankar and Dubey, Pradeep},
  journal={Proceedings of the VLDB Endowment},
  volume={8},
  number={11},
  pages={1214--1225},
  year={2015},
  publisher={VLDB Endowment}
}

@inproceedings{Zhang2015numa-aware,
 author = {Zhang, Kaiyuan and Chen, Rong and Chen, Haibo},
 title = {NUMA-aware Graph-structured Analytics},
 booktitle = {Proceedings of the 20th ACM SIGPLAN Symposium on Principles and Practice of Parallel Programming},
 series = {PPoPP 2015},
 year = {2015},
 isbn = {978-1-4503-3205-7},
 location = {San Francisco, CA, USA},
 pages = {183--193},
 numpages = {11},
 url = {http://doi.acm.org/10.1145/2688500.2688507},
 doi = {10.1145/2688500.2688507},
 acmid = {2688507},
 publisher = {ACM},
 address = {New York, NY, USA},
 keywords = {Graph-structured Analytics, Non-uniform Memory Access (NUMA)},
} 

@inproceedings{Prabhakaran2012grace,
 author = {Prabhakaran, Vijayan and Wu, Ming and Weng, Xuetian and McSherry, Frank and Zhou, Lidong and Haridasan, Maya},
 title = {Managing Large Graphs on Multi-cores with Graph Awareness},
 booktitle = {Proceedings of the 2012 USENIX Conference on Annual Technical Conference},
 series = {USENIX ATC'12},
 year = {2012},
 location = {Boston, MA},
 pages = {4--4},
 numpages = {1},
 url = {http://dl.acm.org/citation.cfm?id=2342821.2342825},
 acmid = {2342825},
 publisher = {USENIX Association},
 address = {Berkeley, CA, USA},
} 

@inproceedings{sun2015gpsa,
  title={Gpsa: A graph processing system with actors},
  author={Sun, Jianhua and Zhou, Dongwei and Chen, Hao and Chang, Cheng and Chen, Zhiwen and Li, Wentao and He, Ligang},
  booktitle={2015 44th International Conference on Parallel Processing (ICPP)},
  pages={709--718},
  year={2015},
  organization={IEEE}
}

@inproceedings{Hong2012green-marl,
 author = {Hong, Sungpack and Chafi, Hassan and Sedlar, Edic and Olukotun, Kunle},
 title = {Green-Marl: A DSL for Easy and Efficient Graph Analysis},
 booktitle = {Proceedings of the Seventeenth International Conference on Architectural Support for Programming Languages and Operating Systems},
 series = {ASPLOS XVII},
 year = {2012},
 isbn = {978-1-4503-0759-8},
 location = {London, England, UK},
 pages = {349--362},
 numpages = {14},
 url = {http://doi.acm.org/10.1145/2150976.2151013},
 doi = {10.1145/2150976.2151013},
 acmid = {2151013},
 publisher = {ACM},
 address = {New York, NY, USA},
 keywords = {domain-specific language, graph, parallel programming},
}

@inproceedings{Malewicz2010pregel,
 author = {Malewicz, Grzegorz and Austern, Matthew H. and Bik, Aart J.C and Dehnert, James C. and Horn, Ilan and Leiser, Naty and Czajkowski, Grzegorz},
 title = {Pregel: A System for Large-scale Graph Processing},
 booktitle = {Proceedings of the 2010 ACM SIGMOD International Conference on Management of Data},
 series = {SIGMOD '10},
 year = {2010},
 isbn = {978-1-4503-0032-2},
 location = {Indianapolis, Indiana, USA},
 pages = {135--146},
 numpages = {12},
 url = {http://doi.acm.org/10.1145/1807167.1807184},
 doi = {10.1145/1807167.1807184},
 acmid = {1807184},
 publisher = {ACM},
 address = {New York, NY, USA},
 keywords = {distributed computing, graph algorigthms},
}

@article{bu2014pregelix,
  title={Pregelix: Big (ger) graph analytics on a dataflow engine},
  author={Bu, Yingyi and Borkar, Vinayak and Jia, Jianfeng and Carey, Michael J and Condie, Tyson},
  journal={Proceedings of the VLDB Endowment},
  volume={8},
  number={2},
  pages={161--172},
  year={2014},
  publisher={VLDB Endowment}
}

@inproceedings{salihoglu2013gps,
  title={GPS: a graph processing system},
  author={Salihoglu, Semih and Widom, Jennifer},
  booktitle={Proceedings of the 25th International Conference on Scientific and Statistical Database Management},
  pages={22},
  year={2013},
  organization={ACM}
}

@inproceedings{khayyat2013mizan,
  title={Mizan: a system for dynamic load balancing in large-scale graph processing},
  author={Khayyat, Zuhair and Awara, Karim and Alonazi, Amani and Jamjoom, Hani and Williams, Dan and Kalnis, Panos},
  booktitle={Proceedings of the 8th ACM European Conference on Computer Systems},
  pages={169--182},
  year={2013},
  organization={ACM}
}

@article{low2012graphlab,
  title={Distributed GraphLab: a framework for machine learning and data mining in the cloud},
  author={Low, Yucheng and Bickson, Danny and Gonzalez, Joseph and Guestrin, Carlos and Kyrola, Aapo and Hellerstein, Joseph M},
  journal={Proceedings of the VLDB Endowment},
  volume={5},
  number={8},
  pages={716--727},
  year={2012},
  publisher={VLDB Endowment}
}

@article{low2014graphlab,
  title={Graphlab: A new framework for parallel machine learning},
  author={Low, Yucheng and Gonzalez, Joseph E and Kyrola, Aapo and Bickson, Danny and Guestrin, Carlos E and Hellerstein, Joseph},
  journal={arXiv preprint arXiv:1408.2041},
  year={2014}
}

@inproceedings{Gonzalez2012powergraph,
 author = {Gonzalez, Joseph E. and Low, Yucheng and Gu, Haijie and Bickson, Danny and Guestrin, Carlos},
 title = {PowerGraph: Distributed Graph-parallel Computation on Natural Graphs},
 booktitle = {Proceedings of the 10th USENIX Conference on Operating Systems Design and Implementation},
 series = {OSDI'12},
 year = {2012},
 isbn = {978-1-931971-96-6},
 location = {Hollywood, CA, USA},
 pages = {17--30},
 numpages = {14},
 url = {http://dl.acm.org/citation.cfm?id=2387880.2387883},
 acmid = {2387883},
 publisher = {USENIX Association},
 address = {Berkeley, CA, USA},
} 

@inproceedings{teixeira2015arabesque,
  title={Arabesque: a system for distributed graph mining},
  author={Teixeira, Carlos HC and Fonseca, Alexandre J and Serafini, Marco and Siganos, Georgos and Zaki, Mohammed J and Aboulnaga, Ashraf},
  booktitle={Proceedings of the 25th Symposium on Operating Systems Principles},
  pages={425--440},
  year={2015},
  organization={ACM}
}

@inproceedings{chen2015powerlyra,
  title={Powerlyra: Differentiated graph computation and partitioning on skewed graphs},
  author={Chen, Rong and Shi, Jiaxin and Chen, Yanzhe and Chen, Haibo},
  booktitle={Proceedings of the Tenth European Conference on Computer Systems},
  pages={1},
  year={2015},
  organization={ACM}
}

@inproceedings{Zhu2016gemini,
 author = {Zhu, Xiaowei and Chen, Wenguang and Zheng, Weimin and Ma, Xiaosong},
 title = {Gemini: A Computation-centric Distributed Graph Processing System},
 booktitle = {Proceedings of the 12th USENIX Conference on Operating Systems Design and Implementation},
 series = {OSDI'16},
 year = {2016},
 isbn = {978-1-931971-33-1},
 location = {Savannah, GA, USA},
 pages = {301--316},
 numpages = {16},
 url = {http://dl.acm.org/citation.cfm?id=3026877.3026901},
 acmid = {3026901},
 publisher = {USENIX Association},
 address = {Berkeley, CA, USA},
} 

@inproceedings{shao2013trinity,
  title={Trinity: A distributed graph engine on a memory cloud},
  author={Shao, Bin and Wang, Haixun and Li, Yatao},
  booktitle={Proceedings of the 2013 ACM SIGMOD International Conference on Management of Data},
  pages={505--516},
  year={2013},
  organization={ACM}
}

@inproceedings{lebeane2015data,
  title={Data partitioning strategies for graph workloads on heterogeneous clusters},
  author={LeBeane, Michael and Song, Shuang and Panda, Reena and Ryoo, Jee Ho and John, Lizy K},
  booktitle={2015 International Conference for High Performance Computing, Networking, Storage and Analysis (SC)},
  pages={1--12},
  year={2015},
  organization={IEEE}
}

@inproceedings{song2016proxy,
  title={Proxy-guided load balancing of graph processing workloads on heterogeneous clusters},
  author={Song, Shuang and Li, Meng and Zheng, Xinnian and LeBeane, Michael and Ryoo, Jee Ho and Panda, Reena and Gerstlauer, Andreas and John, Lizy K},
  booktitle={2016 45th International Conference on Parallel Processing (ICPP)},
  pages={77--86},
  year={2016},
  organization={IEEE}
}

@inproceedings{Gonzalez2014graphx,
 author = {Gonzalez, Joseph E. and Xin, Reynold S. and Dave, Ankur and Crankshaw, Daniel and Franklin, Michael J. and Stoica, Ion},
 title = {GraphX: Graph Processing in a Distributed Dataflow Framework},
 booktitle = {Proceedings of the 11th USENIX Conference on Operating Systems Design and Implementation},
 series = {OSDI'14},
 year = {2014},
 isbn = {978-1-931971-16-4},
 location = {Broomfield, CO},
 pages = {599--613},
 numpages = {15},
 url = {http://dl.acm.org/citation.cfm?id=2685048.2685096},
 acmid = {2685096},
 publisher = {USENIX Association},
 address = {Berkeley, CA, USA},
} 

@inproceedings{fidel2014kla,
  title={KLA: a new algorithmic paradigm for parallel graph computations},
  author={Fidel, Adam and Amato, Nancy M and Rauchwerger, Lawrence and others},
  booktitle={Proceedings of the 23rd international conference on Parallel architectures and compilation},
  pages={27--38},
  year={2014},
  organization={ACM}
}

@article{tian2013think,
  title={From think like a vertex to think like a graph},
  author={Tian, Yuanyuan and Balmin, Andrey and Corsten, Severin Andreas and Tatikonda, Shirish and McPherson, John},
  journal={Proceedings of the VLDB Endowment},
  volume={7},
  number={3},
  pages={193--204},
  year={2013},
  publisher={VLDB Endowment}
}

@inproceedings{agarwal2010scalable,
  title={Scalable graph exploration on multicore processors},
  author={Agarwal, Virat and Petrini, Fabrizio and Pasetto, Davide and Bader, David A},
  booktitle={2010 International Conference for High Performance Computing, Networking, Storage and Analysis (SC)},
  pages={1--11},
  year={2010},
  organization={IEEE}
}

@inproceedings{chen2010large,
  title={Large graph processing in the cloud},
  author={Chen, Rishan and Weng, Xuetian and He, Bingsheng and Yang, Mao},
  booktitle={Proceedings of the 2010 ACM SIGMOD International Conference on Management of data},
  pages={1123--1126},
  year={2010},
  organization={ACM}
}

@inproceedings{ongaro2011ramcloud,
  title={Fast crash recovery in RAMCloud},
  author={Ongaro, Diego and Rumble, Stephen M and Stutsman, Ryan and Ousterhout, John and Rosenblum, Mendel},
  booktitle={Proceedings of the Twenty-Third ACM Symposium on Operating Systems Principles},
  pages={29--41},
  year={2011},
  organization={ACM}
}

@misc{giraph,
  title = {Apache Giraph},
  howpublished = "\url{http://giraph.apache.org/}",
}

@article{seo2013socialite,
  title={Distributed socialite: a datalog-based language for large-scale graph analysis},
  author={Seo, Jiwon and Park, Jongsoo and Shin, Jaeho and Lam, Monica S},
  journal={Proceedings of the VLDB Endowment},
  volume={6},
  number={14},
  pages={1906--1917},
  year={2013},
  publisher={VLDB Endowment}
}

@inproceedings{kang2009pegasus,
  title={Pegasus: A peta-scale graph mining system implementation and observations},
  author={Kang, U and Tsourakakis, Charalampos E and Faloutsos, Christos},
  booktitle={Proceedings of the 9th IEEE International Conference on Data Mining},
  pages={229--238},
  year={2009},
  organization={IEEE}
}

@misc{combblas,
  title = {Combinatorial Blas v 1.3},
  howpublished = "\url{http://gauss.cs.ucsb.edu/~aydin/CombBLAS/html/}",
}

@inproceedings{Roy2013x-stream,
 author = {Roy, Amitabha and Mihailovic, Ivo and Zwaenepoel, Willy},
 title = {X-Stream: Edge-centric Graph Processing Using Streaming Partitions},
 booktitle = {Proceedings of the Twenty-Fourth ACM Symposium on Operating Systems Principles},
 series = {SOSP '13},
 year = {2013},
 isbn = {978-1-4503-2388-8},
 location = {Farminton, Pennsylvania},
 pages = {472--488},
 numpages = {17},
 url = {http://doi.acm.org/10.1145/2517349.2522740},
 doi = {10.1145/2517349.2522740},
 acmid = {2522740},
 publisher = {ACM},
 address = {New York, NY, USA},
} 

@inproceedings{halim2011mapreduce-based,
  title={A MapReduce-based maximum-flow algorithm for large small-world network graphs},
  author={Halim, Felix and Yap, Roland HC and Wu, Yongzheng},
  booktitle={2011 31st International Conference on Distributed Computing Systems (ICDCS)},
  pages={192--202},
  year={2011},
  organization={IEEE}
}

@inproceedings{vaquero2014adaptive,
  title={Adaptive partitioning for large-scale dynamic graphs},
  author={Vaquero, Luis M and Cuadrado, Felix and Logothetis, Dionysios and Martella, Claudio},
  booktitle={2014 IEEE 34th International Conference on Distributed Computing Systems (ICDCS)},
  pages={144--153},
  year={2014},
  organization={IEEE}
}

@inproceedings{randles2010comparative,
  title={A comparative study into distributed load balancing algorithms for cloud computing},
  author={Randles, Martin and Lamb, David and Taleb-Bendiab, A},
  booktitle={2010 IEEE 24th International Conference on Advanced Information Networking and Applications Workshops (WAINA)},
  pages={551--556},
  year={2010},
  organization={IEEE}
}

@inproceedings{zhao2014lightgraph,
  title={Lightgraph: Lighten communication in distributed graph-parallel processing},
  author={Zhao, Yue and Yoshigoe, Kenji and Xie, Mengjun and Zhou, Suijian and Seker, Remzi and Bian, Jiang},
  booktitle={2014 IEEE International Congress on Big Data (BigData Congress)},
  pages={717--724},
  year={2014},
  organization={IEEE}
}

@inproceedings{wang2014replication,
  title={Replication-based fault-tolerance for large-scale graph processing},
  author={Wang, Peng and Zhang, Kaiyuan and Chen, Rong and Chen, Haibo and Guan, Haibing},
  booktitle={2014 44th Annual IEEE/IFIP International Conference on Dependable Systems and Networks (DSN)},
  pages={562--573},
  year={2014},
  organization={IEEE}
}

@inproceedings{satish2014navigating,
  title={Navigating the maze of graph analytics frameworks using massive graph datasets},
  author={Satish, Nadathur and Sundaram, Narayanan and Patwary, Md Mostofa Ali and Seo, Jiwon and Park, Jongsoo and Hassaan, M Amber and Sengupta, Shubho and Yin, Zhaoming and Dubey, Pradeep},
  booktitle={Proceedings of the 2014 ACM SIGMOD international conference on Management of data},
  pages={979--990},
  year={2014},
  organization={ACM}
}

@inproceedings{beamer2015locality,
  title={Locality exists in graph processing: Workload characterization on an ivy bridge server},
  author={Beamer, Scott and Asanovic, Krste and Patterson, David},
  booktitle={2015 IEEE International Symposium on Workload Characterization (IISWC)},
  pages={56--65},
  year={2015},
  organization={IEEE}
}

@book{siek2002bgl,
  title={The Boost Graph Library: User Guide and Reference Manual},
  author={Siek, Jeremy G and Lee, Lie-Quan and Lumsdaine, Andrew},
  year={2002},
}

@inproceedings{salihoglu2014help,
  title={HelP: High-level primitives for large-scale graph processing},
  author={Salihoglu, Semih and Widom, Jennifer},
  booktitle={Proceedings of Workshop on GRAph Data management Experiences and Systems},
  pages={1--6},
  year={2014},
  organization={ACM}
}

@inproceedings{nai2015graphbig,
  title={GraphBIG: understanding graph computing in the context of industrial solutions},
  author={Nai, Lifeng and Xia, Yinglong and Tanase, Ilie G and Kim, Hyesoon and Lin, Ching-Yung},
  booktitle={2015 International Conference for High Performance Computing, Networking, Storage and Analysis},
  pages={1--12},
  year={2015},
  organization={IEEE}
}

@inproceedings{cheng2012kineograph,
  title={Kineograph: taking the pulse of a fast-changing and connected world},
  author={Cheng, Raymond and Hong, Ji and Kyrola, Aapo and Miao, Youshan and Weng, Xuetian and Wu, Ming and Yang, Fan and Zhou, Lidong and Zhao, Feng and Chen, Enhong},
  booktitle={Proceedings of the 7th ACM european conference on Computer Systems},
  pages={85--98},
  year={2012},
  organization={ACM}
}

@inproceedings{chen2014computation,
  title={Computation and communication efficient graph processing with distributed immutable view},
  author={Chen, Rong and Ding, Xin and Wang, Peng and Chen, Haibo and Zang, Binyu and Guan, Haibing},
  booktitle={Proceedings of the 23rd international symposium on High-performance parallel and distributed computing},
  pages={215--226},
  year={2014},
  organization={ACM}
}

@inproceedings{han2014chronos,
  title={Chronos: a graph engine for temporal graph analysis},
  author={Han, Wentao and Miao, Youshan and Li, Kaiwei and Wu, Ming and Yang, Fan and Zhou, Lidong and Prabhakaran, Vijayan and Chen, Wenguang and Chen, Enhong},
  booktitle={Proceedings of the Ninth European Conference on Computer Systems},
  pages={1},
  year={2014},
  organization={ACM}
}

@inproceedings{Wang2016gunrock,
 author = {Wang, Yangzihao and Davidson, Andrew and Pan, Yuechao and Wu, Yuduo and Riffel, Andy and Owens, John D.},
 title = {Gunrock: A High-performance Graph Processing Library on the GPU},
 booktitle = {Proceedings of the 21st ACM SIGPLAN Symposium on Principles and Practice of Parallel Programming},
 series = {PPoPP '16},
 year = {2016},
 isbn = {978-1-4503-4092-2},
 location = {Barcelona, Spain},
 pages = {11:1--11:12},
 articleno = {11},
 numpages = {12},
 url = {http://doi.acm.org/10.1145/2851141.2851145},
 doi = {10.1145/2851141.2851145},
 acmid = {2851145},
 publisher = {ACM},
 address = {New York, NY, USA},
} 

@inproceedings{Fu2014mapgraph,
 author = {Fu, Zhisong and Personick, Michael and Thompson, Bryan},
 title = {MapGraph: A High Level API for Fast Development of High Performance Graph Analytics on GPUs},
 booktitle = {Proceedings of Workshop on GRAph Data Management Experiences and Systems},
 series = {GRADES'14},
 year = {2014},
 isbn = {978-1-4503-2982-8},
 location = {Snowbird, UT, USA},
 pages = {2:1--2:6},
 articleno = {2},
 numpages = {6},
 url = {http://doi.acm.org/10.1145/2621934.2621936},
 doi = {10.1145/2621934.2621936},
 acmid = {2621936},
 publisher = {ACM},
 address = {New York, NY, USA},
 keywords = {GPU, Graph analytics, high-level API},
}

@article{zhong2014medusa,
  title={Medusa: A parallel graph processing system on graphics processors},
  author={Zhong, Jianlong and He, Bingsheng},
  journal={ACM SIGMOD Record},
  volume={43},
  number={2},
  pages={35--40},
  year={2014},
  publisher={ACM}
}

@misc{nvidianvgraph,
	title = {NVIDIA nvGRAPH},
    howpublished = {https://developer.nvidia.com/nvgraph}
}

@inproceedings{nodehi2018tigr,
  title={Tigr: Transforming Irregular Graphs for GPU-Friendly Graph Processing},
  author={Nodehi Sabet, Amir Hossein and Qiu, Junqiao and Zhao, Zhijia},
  booktitle={Proceedings of the Twenty-Third International Conference on Architectural Support for Programming Languages and Operating Systems},
  pages={622--636},
  year={2018},
  organization={ACM}
}

@article{shi2018frog,
  title={Frog: Asynchronous graph processing on GPU with hybrid coloring model},
  author={Shi, Xuanhua and Luo, Xuan and Liang, Junling and Zhao, Peng and Di, Sheng and He, Bingsheng and Jin, Hai},
  journal={IEEE Transactions on Knowledge and Data Engineering},
  volume={30},
  number={1},
  pages={29--42},
  year={2018},
  publisher={IEEE}
}

@inproceedings{khorasani2014cusha,
  title={CuSha: vertex-centric graph processing on GPUs},
  author={Khorasani, Farzad and Vora, Keval and Gupta, Rajiv and Bhuyan, Laxmi N},
  booktitle={Proceedings of the 23rd international symposium on High-performance parallel and distributed computing},
  pages={239--252},
  year={2014},
  organization={ACM}
}

@inproceedings{sengupta2015graphreduce,
  title={GraphReduce: processing large-scale graphs on accelerator-based systems},
  author={Sengupta, Dipanjan and Song, Shuaiwen Leon and Agarwal, Kapil and Schwan, Karsten},
  booktitle={2015 SC-International Conference for High Performance Computing, Networking, Storage and Analysis},
  pages={1--12},
  year={2015},
  organization={IEEE}
}

@inproceedings{ben2017groute,
  title={Groute: An asynchronous multi-GPU programming model for irregular computations},
  author={Ben-Nun, Tal and Sutton, Michael and Pai, Sreepathi and Pingali, Keshav},
  booktitle={Proceedings of the 22nd ACM SIGPLAN Symposium on Principles and Practice of Parallel Programming},
  pages={235--248},
  year={2017},
  organization={ACM}
}

@inproceedings{seo2015gstream,
  title={Gstream: A graph streaming processing method for large-scale graphs on gpus},
  author={Seo, Hyunseok and Kim, Jinwook and Kim, Min-Soo},
  booktitle={Proceedings of the 20th ACM SIGPLAN Symposium on Principles and Practice of Parallel Programming},
  volume={50},
  number={8},
  pages={253--254},
  year={2015},
  organization={ACM}
}

@article{gharaibeh2013totem,
  title={Efficient large-scale graph processing on hybrid CPU and GPU systems},
  author={Gharaibeh, Abdullah and Reza, Tahsin and Santos-Neto, Elizeu and Costa, Lauro Beltrao and Sallinen, Scott and Ripeanu, Matei},
  journal={arXiv preprint arXiv:1312.3018},
  year={2013}
}

@article{zhang2015ggraph,
  title={Efficient graph computation on hybrid CPU and GPU systems},
  author={Zhang, Tao and Zhang, Jingjie and Shu, Wei and Wu, Min-You and Liang, Xiaoyao},
  journal={The Journal of Supercomputing},
  volume={71},
  number={4},
  pages={1563--1586},
  year={2015},
  publisher={Springer}
}

@inproceedings{ma2017garaph,
  title={Garaph: efficient GPU-accelerated graph processing on a single machine with balanced replication},
  author={Ma, Lingxiao and Yang, Zhi and Chen, Han and Xue, Jilong and Dai, Yafei},
  booktitle={2017 USENIX Annual Technical Conference },
  pages={195--207},
  year={2017},
  organization={USENIX Association}
}


@inproceedings{khorasani2015WS,
  title={Scalable simd-efficient graph processing on gpus},
  author={Khorasani, Farzad and Gupta, Rajiv and Bhuyan, Laxmi N},
  booktitle={2015 International Conference on Parallel Architecture and Compilation (PACT)},
  pages={39--50},
  year={2015},
  organization={IEEE}
}

@inproceedings{Merrill2012gputraversal,
 author = {Merrill, Duane and Garland, Michael and Grimshaw, Andrew},
 title = {Scalable GPU Graph Traversal},
 booktitle = {Proceedings of the 17th ACM SIGPLAN Symposium on Principles and Practice of Parallel Programming},
 series = {PPoPP '12},
 year = {2012},
 isbn = {978-1-4503-1160-1},
 location = {New Orleans, Louisiana, USA},
 pages = {117--128},
 numpages = {12},
 url = {http://doi.acm.org/10.1145/2145816.2145832},
 doi = {10.1145/2145816.2145832},
 acmid = {2145832},
 publisher = {ACM},
 address = {New York, NY, USA},
 keywords = {GPU, breadth-first search, cooperative allocation, graph algorithms, graph traversal, parallel algorithms, prefix sum, sparse graph},
}

@inproceedings{liu2015enterprise,
  title={Enterprise: breadth-first graph traversal on GPUs},
  author={Liu, Hang and Huang, H Howie},
  booktitle={2015 International Conference for High Performance Computing, Networking, Storage and Analysis},
  pages={1--12},
  year={2015},
  organization={IEEE}
}

@inproceedings{soman2010fast,
  title={A fast GPU algorithm for graph connectivity},
  author={Soman, Jyothish and Kishore, Kothapalli and Narayanan, PJ},
  booktitle={2010 IEEE International Symposium on Parallel \& Distributed Processing, Workshops and Phd Forum (IPDPSW)},
  pages={1--8},
  year={2010},
  organization={IEEE}
}

@inproceedings{geisberger2008betterBC,
  title={Better approximation of betweenness centrality},
  author={Geisberger, Robert and Sanders, Peter and Schultes, Dominik},
  booktitle={Proceedings of the Meeting on Algorithm Engineering \& Expermiments},
  pages={90--100},
  year={2008},
  organization={Society for Industrial and Applied Mathematics}
}

@inproceedings{mclaughlin2014scalableBC,
  title={Scalable and high performance betweenness centrality on the GPU},
  author={McLaughlin, Adam and Bader, David A},
  booktitle={Proceedings of the International Conference for High performance computing, networking, storage and analysis},
  pages={572--583},
  year={2014},
  organization={IEEE Press}
}

@inproceedings{pande2011computingBC,
  title={Computing betweenness centrality for small world networks on a GPU},
  author={Pande, P and Bader, David A},
  booktitle={15th Annual High Performance Embedded Computing Workshop (HPEC)},
  year={2011}
}

@inproceedings{sariyuce2013betweenness,
  title={Betweenness centrality on GPUs and heterogeneous architectures},
  author={Sariy{\"u}ce, Ahmet Erdem and Kaya, Kamer and Saule, Erik and {\c{C}}ataly{\"u}rek, {\"U}mit V},
  booktitle={Proceedings of the 6th Workshop on General Purpose Processor Using Graphics Processing Units},
  pages={76--85},
  year={2013},
  organization={ACM}
}

@inproceedings{davidson2014work,
  title={Work-efficient parallel GPU methods for single-source shortest paths},
  author={Davidson, Andrew and Baxter, Sean and Garland, Michael and Owens, John D},
  booktitle={2014 IEEE 28th International Parallel and Distributed Processing Symposium},
  pages={349--359},
  year={2014},
  organization={IEEE}
}

@inproceedings{Hong2011VWC,
 author = {Hong, Sungpack and Kim, Sang Kyun and Oguntebi, Tayo and Olukotun, Kunle},
 title = {Accelerating CUDA Graph Algorithms at Maximum Warp},
 booktitle = {Proceedings of the 16th ACM Symposium on Principles and Practice of Parallel Programming},
 series = {PPoPP '11},
 year = {2011},
 isbn = {978-1-4503-0119-0},
 location = {San Antonio, TX, USA},
 pages = {267--276},
 numpages = {10},
 url = {http://doi.acm.org/10.1145/1941553.1941590},
 doi = {10.1145/1941553.1941590},
 acmid = {1941590},
 publisher = {ACM},
 address = {New York, NY, USA},
 keywords = {cuda, gpgpu, parallel graph algorithms},
} 

@article{bisson2016kepler,
  title={Parallel distributed breadth first search on the Kepler architecture},
  author={Bisson, Mauro and Bernaschi, Massimo and Mastrostefano, Enrico},
  journal={IEEE Transactions on Parallel and Distributed Systems},
  volume={27},
  number={7},
  pages={2091--2102},
  year={2016},
  publisher={IEEE}
}

@inproceedings{liu2016ibfs,
  title={ibfs: Concurrent breadth-first search on gpus},
  author={Liu, Hang and Huang, H Howie and Hu, Yang},
  booktitle={Proceedings of the 2016 International Conference on Management of Data},
  pages={403--416},
  year={2016},
  organization={ACM}
}

@inproceedings{gharaibeh2012yoke,
  title={A yoke of oxen and a thousand chickens for heavy lifting graph processing},
  author={Gharaibeh, Abdullah and Beltr{\~a}o Costa, Lauro and Santos-Neto, Elizeu and Ripeanu, Matei},
  booktitle={Proceedings of the 21st international conference on Parallel architectures and compilation techniques},
  pages={345--354},
  year={2012},
  organization={ACM}
}

@inproceedings{Nasre2013morph,
 author = {Nasre, Rupesh and Burtscher, Martin and Pingali, Keshav},
 title = {Morph Algorithms on GPUs},
 booktitle = {Proceedings of the 18th ACM SIGPLAN Symposium on Principles and Practice of Parallel Programming},
 series = {PPoPP '13},
 year = {2013},
 isbn = {978-1-4503-1922-5},
 location = {Shenzhen, China},
 pages = {147--156},
 numpages = {10},
 url = {http://doi.acm.org/10.1145/2442516.2442531},
 doi = {10.1145/2442516.2442531},
 acmid = {2442531},
 publisher = {ACM},
 address = {New York, NY, USA},
 keywords = {boruvka, cuda, delaunay mesh refinement, gpu, graph algorithms, irregular programs, minimum spanning tree, morph algorithms, points-to analysis, survey propagation},
}

@inproceedings{nasre2013data,
  title={Data-driven versus topology-driven irregular computations on GPUs},
  author={Nasre, Rupesh and Burtscher, Martin and Pingali, Keshav},
  booktitle={2013 IEEE 27th International Symposium on Pa
  pages={463--474},
  year={2013},
  organization={IEEE}rallel \& Distributed Processing (IPDPS)},
}

@inproceedings{khorasani2015efficientwarp,
  title={Efficient warp execution in presence of divergence with collaborative context collection},
  author={Khorasani, Farzad and Gupta, Rajiv and Bhuyan, Laxmi N},
  booktitle={2015 48th Annual IEEE/ACM International Symposium on Microarchitecture (MICRO)},
  pages={204--215},
  year={2015},
  organization={IEEE}
}

@inproceedings{kim2016gts,
  title={GTS: A fast and scalable graph processing method based on streaming topology to GPUs},
  author={Kim, Min-Soo and An, Kyuhyeon and Park, Himchan and Seo, Hyunseok and Kim, Jinwook},
  booktitle={Proceedings of the 2016 International Conference on Management of Data},
  pages={447--461},
  year={2016},
  organization={ACM}
}

@inproceedings{han2017graphie,
  title={Graphie: Large-Scale Asynchronous Graph Traversals on Just a GPU},
  author={Han, Wei and Mawhirter, Daniel and Wu, Bo and Buland, Matthew},
  booktitle={2017 26th International Conference on Parallel Architectures and Compilation Techniques (PACT) },
  pages={233--245},
  year={2017},
  organization={IEEE}
}

@inproceedings{hong2011hybridgpu,
  title={Efficient parallel graph exploration on multi-core CPU and GPU},
  author={Hong, Sungpack and Oguntebi, Tayo and Olukotun, Kunle},
  booktitle={2011 International Conference on Parallel Architectures and Compilation Techniques (PACT)},
  pages={78--88},
  year={2011},
  organization={IEEE}
}

@inproceedings{daga2014bfshete,
  title={Efficient breadth-first search on a heterogeneous processor},
  author={Daga, Mayank and Nutter, Mark and Meswani, Mitesh},
  booktitle={2014 IEEE International Conference on Big Data (Big Data)},
  pages={373--382},
  year={2014},
  organization={IEEE}
}

@article{cheramangalath2016falcon,
  title={Falcon: A graph manipulation language for heterogeneous systems},
  author={Cheramangalath, Unnikrishnan and Nasre, Rupesh and Srikant, YN},
  journal={ACM Transactions on Architecture and Code Optimization (TACO)},
  volume={12},
  number={4},
  pages={54},
  year={2016},
  publisher={ACM}
}

@inproceedings{kaleem2014adaptive,
  title={Adaptive heterogeneous scheduling for integrated GPUs},
  author={Kaleem, Rashid and Barik, Rajkishore and Shpeisman, Tatiana and Lewis, Brian T and Hu, Chunling and Pingali, Keshav},
  booktitle={Proceedings of the 23rd international conference on Parallel architectures and compilation},
  pages={151--162},
  year={2014},
  organization={ACM}
}

@inproceedings{zhang2017finepar,
  title={FinePar: Irregularity-aware fine-grained workload partitioning on integrated architectures},
  author={Zhang, Feng and Wu, Bo and Zhai, Jidong and He, Bingsheng and Chen, Wenguang},
  booktitle={2017 IEEE/ACM International Symposium on Code Generation and Optimization (CGO)},
  pages={27--38},
  year={2017},
  organization={IEEE}
}

@inproceedings{kaleem2016synchronization,
  title={Synchronization trade-offs in gpu implementations of graph algorithms},
  author={Kaleem, Rashid and Venkat, Anand and Pai, Sreepathi and Hall, Mary and Pingali, Keshav},
  booktitle={2016 IEEE International Parallel and Distributed Processing Symposium},
  pages={514--523},
  year={2016},
  organization={IEEE}
}

@inproceedings{Pai2016compilergpu,
 author = {Pai, Sreepathi and Pingali, Keshav},
 title = {A Compiler for Throughput Optimization of Graph Algorithms on GPUs},
 booktitle = {Proceedings of the 2016 ACM SIGPLAN International Conference on Object-Oriented Programming, Systems, Languages, and Applications},
 series = {OOPSLA 2016},
 year = {2016},
 isbn = {978-1-4503-4444-9},
 location = {Amsterdam, Netherlands},
 pages = {1--19},
 numpages = {19},
 url = {http://doi.acm.org/10.1145/2983990.2984015},
 doi = {10.1145/2983990.2984015},
 acmid = {2984015},
 publisher = {ACM},
 address = {New York, NY, USA},
 keywords = {GPUs, Graph applications, amorphous data-parallelism, compilers, optimization, throughput},
}

@INPROCEEDINGS{lakshminarayana2014gpuregister, 
author={N. B. Lakshminarayana and H. Kim}, 
booktitle={2014 IEEE 20th International Symposium on High Performance Computer Architecture (HPCA)}, 
title={Spare register aware prefetching for graph algorithms on GPUs}, 
year={2014}, 
volume={}, 
number={}, 
pages={614-625}, 
keywords={graphics processing units;storage management;GPU;execution efficiency;graph algorithms;irregular control flow;irregular/data-dependent memory accesses;memory access latency tolerance;memory intensive graph algorithm kernels;prefetched data;prefetching data;spare register aware prefetching;spare registers;Graphics processing units;Indexes;Kernel;Prefetching;Registers}, 
doi={10.1109/HPCA.2014.6835970}, 
ISSN={1530-0897}, 
month={Feb},}

@INPROCEEDINGS{kim2014gpuhardwareworklist, 
author={J. Y. Kim and C. Batten}, 
booktitle={2014 47th Annual IEEE/ACM International Symposium on Microarchitecture}, 
title={Accelerating Irregular Algorithms on GPGPUs Using Fine-Grain Hardware Worklists}, 
year={2014}, 
volume={}, 
number={}, 
pages={75-87}, 
keywords={application program interfaces;benchmark testing;graphics processing units;multiprocessing systems;resource allocation;virtualisation;LonestarGPU benchmark suite;baseline GPGPU;cycle-level simulator;data-driven implementations;fine-grain hardware worklists;general-purpose graphics-processing units;hardware worklist;irregular algorithm acceleration;irregular algorithm implementation;load balancing improvement;marginal area overhead;memory contention;memory-access irregularity;shared worklist software API;virtualization mechanism;work redistribution schemes;work spilling;Benchmark testing;Hardware;Heuristic algorithms;Instruction sets;Kernel;Load management;Optimization}, 
doi={10.1109/MICRO.2014.24}, 
ISSN={1072-4451}, 
month={Dec},}

@inproceedings{xu2014gpubottlenecks,
  title={Graph processing on gpus: Where are the bottlenecks?},
  author={Xu, Qiumin and Jeon, Hyeran and Annavaram, Murali},
  booktitle={2014 IEEE International Symposium on Workload Characterization (IISWC)},
  pages={140--149},
  year={2014},
  organization={IEEE}
}

@article{shi2018gpusurvey,
  title={Graph processing on GPUs: a survey},
  author={Shi, Xuanhua and Zheng, Zhigao and Zhou, Yongluan and Jin, Hai and He, Ligang and Liu, Bo and Hua, Qiang-Sheng},
  journal={ACM Computing Surveys (CSUR)},
  volume={50},
  number={6},
  pages={81},
  year={2018},
  publisher={ACM}
}

@inproceedings{chen2015efficientmic,
  title={Efficient and simplified parallel graph processing over CPU and MIC},
  author={Chen, Linchuan and Huo, Xin and Ren, Bin and Jain, Surabhi and Agrawal, Gagan},
  booktitle={2015 IEEE International Parallel and Distributed Processing Symposium (IPDPS)},
  pages={819--828},
  year={2015},
  organization={IEEE}
}

@inproceedings{Maass2017mosaic,
 author = {Maass, Steffen and Min, Changwoo and Kashyap, Sanidhya and Kang, Woonhak and Kumar, Mohan and Kim, Taesoo},
 title = {Mosaic: Processing a Trillion-Edge Graph on a Single Machine},
 booktitle = {Proceedings of the Twelfth European Conference on Computer Systems},
 series = {EuroSys '17},
 year = {2017},
 isbn = {978-1-4503-4938-3},
 location = {Belgrade, Serbia},
 pages = {527--543},
 numpages = {17},
 url = {http://doi.acm.org/10.1145/3064176.3064191},
 doi = {10.1145/3064176.3064191},
 acmid = {3064191},
 publisher = {ACM},
 address = {New York, NY, USA},
} 

%%ASIC
@inproceedings{ozdal2015architectural,
  title={Architectural requirements for energy efficient execution of graph analytics applications},
  author={Ozdal, Muhammet Mustafa and Yesil, Serif and Kim, Taemin and Ayupov, Andrey and Burns, Steven and Ozturk, Ozcan},
  booktitle={Proceedings of the IEEE/ACM International Conference on Computer-Aided Design},
  pages={676--681},
  year={2015},
  organization={IEEE Press}
}

@inproceedings{ozdal2016energy,
  title={Energy efficient architecture for graph analytics accelerators},
  author={Ozdal, Muhammet Mustafa and Yesil, Serif and Kim, Taemin and Ayupov, Andrey and Greth, John and Burns, Steven and Ozturk, Ozcan},
  booktitle={2016 ACM/IEEE 43rd Annual International Symposium on Computer Architecture (ISCA)},
  pages={166--177},
  year={2016},
  organization={IEEE}
}

@inproceedings{ham2016graphicionado,
  title={Graphicionado: A high-performance and energy-efficient accelerator for graph analytics},
  author={Ham, Tae Jun and Wu, Lisa and Sundaram, Narayanan and Satish, Nadathur and Martonosi, Margaret},
  booktitle={2016 49th Annual IEEE/ACM International Symposium on Microarchitecture (MICRO)},
  pages={1--13},
  year={2016},
  organization={IEEE}
}

@inproceedings{song2016novelspmv,
  title={Novel graph processor architecture, prototype system, and results},
  author={Song, William S and Gleyzer, Vitaliy and Lomakin, Alexei and Kepner, Jeremy},
  booktitle={2016 IEEE High Performance Extreme Computing Conference (HPEC)},
  pages={1--7},
  year={2016},
  organization={IEEE}
}

@inproceedings{zhou2017tunao,
  title={TuNao: A High-Performance and Energy-Efficient Reconfigurable Accelerator for Graph Processing},
  author={Zhou, Jinhong and Liu, Shaoli and Guo, Qi and Zhou, Xuda and Zhi, Tian and Liu, Daofu and Wang, Chao and Zhou, Xuehai and Chen, Yunji and Chen, Tianshi},
  booktitle={2017 17th IEEE/ACM International Symposium on Cluster, Cloud and Grid Computing (CCGRID)},
  pages={731--734},
  year={2017},
  organization={IEEE}
}

@inproceedings{jin2017dataflow,
  title={Towards Dataflow-Based Graph Accelerator},
  author={Jin, Hai and Yao, Pengcheng and Liao, Xiaofei and Zheng, Long and Li, Xianliang},
  booktitle={2017 IEEE 37th International Conference on Distributed Computing Systems (ICDCS)},
  pages={1981--1992},
  year={2017},
  organization={IEEE}
}

%%PIM
@INPROCEEDINGS{ahn2015tesseract, 
author={J. Ahn and S. Hong and S. Yoo and O. Mutlu and K. Choi}, 
booktitle={2015 ACM/IEEE 42nd Annual International Symposium on Computer Architecture (ISCA)}, 
title={A scalable processing-in-memory accelerator for parallel graph processing}, 
year={2015}, 
volume={}, 
number={}, 
pages={105-117}, 
keywords={Big Data;data analysis;graph theory;parallel processing;3D integration technology;Tesseract;computer systems;data analysis;graph processing systems;hardware architecture;hardware prefetchers;in-memory big-data processing;memory access patterns;memory bandwidth limitations;memory-capacity-proportional performance;parallel graph processing;programmable PIM accelerator;programming interface;scalable processing-in-memory accelerator;stacking logic;Internet;Lead;Out of order;Parallel processing;Prefetching;System-on-chip}, 
doi={10.1145/2749469.2750386}, 
ISSN={1063-6897}, 
month={June},}

@inproceedings{nai2017graphpim,
  title={GraphPIM: Enabling instruction-level PIM offloading in graph computing frameworks},
  author={Nai, Lifeng and Hadidi, Ramyad and Sim, Jaewoong and Kim, Hyojong and Kumar, Pranith and Kim, Hyesoon},
  booktitle={2017 IEEE International Symposium on High Performance Computer Architecture (HPCA)},
  pages={457--468},
  year={2017},
  organization={IEEE}
}

@INPROCEEDINGS{han2017reram, 
author={L. Han and Z. Shen and Z. Shao and H. H. Huang and T. Li}, 
booktitle={2017 IEEE 6th Non-Volatile Memory Systems and Applications Symposium (NVMSA)}, 
title={A novel ReRAM-based processing-in-memory architecture for graph computing}, 
year={2017}, 
volume={}, 
number={}, 
pages={1-6}, 
keywords={graph theory;graphics processing units;mathematics computing;memory architecture;parallel processing;tree searching;BFS;Big Data;CPU;PIM;RPBFS;ReRAM-based processing-in-memory architecture;bank-level parallel computation;breadth-first search;computation logic;data accesses;graph algorithms;graph computing;graph processing;graph traversal scheme;low data movement overhead;memory bandwidth;nonvolatile metal-oxide resistive random access memory;processing-in-memory architecture;Acceleration;Arrays;Bandwidth;Indexes;Metadata;Random access memory}, 
doi={10.1109/NVMSA.2017.8064464}, 
ISSN={}, 
month={Aug},}

@INPROCEEDINGS{huang2018hyve, 
author={T. Huang and G. Dai and Y. Wang and H. Yang}, 
booktitle={2018 Design, Automation Test in Europe Conference Exhibition (DATE)}, 
title={HyVE: Hybrid vertex-edge memory hierarchy for energy-efficient graph processing}, 
year={2018}, 
volume={}, 
number={}, 
pages={973-978}, 
keywords={DRAM chips;graph theory;memory architecture;random-access storage;HyVE;Hybrid Vertex-Edge memory hierarchy;ReRAM;conventional memory modules;data access patterns;data allocation;energy-efficient graph processing;energy-efficient memory module;high energy consumption;large-scale graph processing;memory energy consumption;scheduling;Bandwidth;Energy consumption;Memory management;Memory modules;Random access memory;Scheduling;System-on-chip}, 
doi={10.23919/DATE.2018.8342150}, 
ISSN={}, 
month={March},}

@article{dai2018graphh,
  title={GraphH: A Processing-in-Memory Architecture for Large-scale Graph Processing},
  author={Dai, Guohao and Huang, Tianhao and Chi, Yuze and Zhao, Jishen and Sun, Guangyu and Liu, Yongpan and Wang, Yu and Xie, Yuan and Yang, Huazhong},
  journal={IEEE Transactions on Computer-Aided Design of Integrated Circuits and Systems},
  year={2018},
  publisher={IEEE}
}

@inproceedings{zhang2018graphp,
  title={GraphP: Reducing Communication for PIM-Based Graph Processing with Efficient Data Partition},
  author={Zhang, Mingxing and Zhuo, Youwei and Wang, Chao and Gao, Mingyu and Wu, Yongwei and Chen, Kang and Kozyrakis, Christos and Qian, Xuehai},
  booktitle={2018 IEEE International Symposium on High Performance Computer Architecture (HPCA)},
  pages={544--557},
  year={2018},
  organization={IEEE}
}

@INPROCEEDINGS{song2018graphr, 
author={L. Song and Y. Zhuo and X. Qian and H. Li and Y. Chen}, 
booktitle={2018 IEEE International Symposium on High Performance Computer Architecture (HPCA)}, 
title={GraphR: Accelerating Graph Processing Using ReRAM}, 
year={2018}, 
volume={}, 
number={}, 
pages={531-543}, 
keywords={graphics processing units;memory architecture;random-access storage;sparse matrices;GRAPHR;GraphR;ReRAM crossbar;core graph computations;graph engine;graph processing accelerator;hardware graph processing accelerators;high memory bandwidth requirement;memory ReRAM;memory access optimizations;Bandwidth;Hardware;Memory management;Parallel processing;Random access memory;Sparse matrices;Accelerator Architecture;Domain specific Architecture;Graph Processing;ReRAM;SpMV}, 
doi={10.1109/HPCA.2018.00052}, 
ISSN={}, 
month={Feb},}

%%FPGA
@INPROCEEDINGS{bondhugula2006allpairsssp, 
author={U. Bondhugula and A. Devulapalli and J. Fernando and P. Wyckoff and P. Sadayappan}, 
booktitle={Proceedings 20th IEEE International Parallel Distributed Processing Symposium}, 
title={Parallel FPGA-based all-pairs shortest-paths in a directed graph}, 
year={2006}, 
volume={}, 
number={}, 
pages={10 pp.-}, 
keywords={directed graphs;field programmable gate arrays;parallel algorithms;Cray XD1 processor;Floyd-Warshall algorithm;VLSI technology;all-pair shortest-path problem;bioinformatics application;directed graph;field programmable gate array;high performance computing;parallel FPGA design;parallel computing;very large scale integration;Algorithm design and analysis;Application software;Bonding;Design optimization;Field programmable gate arrays;High performance computing;Parallel processing;Signal processing algorithms;Supercomputers;Very large scale integration}, 
doi={10.1109/IPDPS.2006.1639347}, 
ISSN={1530-2075}, 
month={April},}

@INPROCEEDINGS{delorimier2006graphstep, 
author={M. deLorimier and N. Kapre and N. Mehta and D. Rizzo and I. Eslick and R. Rubin and T. E. Uribe and T. F. Jr. Knight and A. DeHon}, 
booktitle={2006 14th Annual IEEE Symposium on Field-Programmable Custom Computing Machines}, 
title={GraphStep: A System Architecture for Sparse-Graph Algorithms}, 
year={2006}, 
volume={}, 
number={}, 
pages={143-151}, 
keywords={field programmable gate arrays;graph theory;microcomputers;sparse matrices;system-on-chip;FPGA;GraphStep;distributed memories;embedded memories;graph nodes;graph structures;main-memory bandwidth;microprocessors;on-chip cache capacities;sparse graph algorithms;system architecture;Aggregates;Bandwidth;Computer architecture;Delay;Field programmable gate arrays;Hardware;Microprocessors;Numerical simulation;Random access memory;SDRAM}, 
doi={10.1109/FCCM.2006.45}, 
ISSN={}, 
month={April},}

@INPROCEEDINGS{betkaoui2011graphlet, 
author={B. Betkaoui and D. B. Thomas and W. Luk and N. Przulj}, 
booktitle={2011 International Conference on Field-Programmable Technology}, 
title={A framework for FPGA acceleration of large graph problems: Graphlet counting case study}, 
year={2011}, 
volume={}, 
number={}, 
pages={1-8}, 
keywords={bioinformatics;field programmable gate arrays;graph theory;microprocessor chips;parallel processing;random-access storage;reconfigurable architectures;FPGA acceleration;bioinformatics algorithm;cluster-based computing;graph allocation;graph analysis algorithms;graph data partitioning;graphlet counting case study;high-latency off-chip memory storage;isomorphic subgraphs;large-scale graph problems;memory crossbar;memory latency;off-chip memory latency;on-chip RAM;parallel graph processing;parallel identical processing elements;reconfigurable architecture;reconfigurable devices;short paths;social networks;Algorithm design and analysis;Field programmable gate arrays;Hardware;Memory management;Radiation detectors;Random access memory;Software}, 
doi={10.1109/FPT.2011.6132667}, 
ISSN={}, 
month={Dec},}

@INPROCEEDINGS{betkaoui2012fpgabfs, 
author={B. Betkaoui and Y. Wang and D. B. Thomas and W. Luk}, 
booktitle={2012 IEEE 23rd International Conference on Application-Specific Systems, Architectures and Processors}, 
title={A Reconfigurable Computing Approach for Efficient and Scalable Parallel Graph Exploration}, 
year={2012}, 
volume={}, 
number={}, 
pages={8-15}, 
keywords={field programmable gate arrays;graph theory;multiprocessing systems;parallel processing;tree searching;BFS;FPGA;breadth first search;memory latency;multi-core systems;parallel memory subsystem;power law graphs;reconfigurable computing approach;reconfigurable hardware architecture;scalable parallel graph exploration;Algorithm design and analysis;Arrays;Field programmable gate arrays;Hardware;Kernel;Random access memory;Breadth-First Search (BFS);FPGA;Parallel graph algorithms;hardware acceleration;high performance reconfigurable computing}, 
doi={10.1109/ASAP.2012.30}, 
ISSN={1063-6862}, 
month={July},}

@INPROCEEDINGS{attia2014cygraph, 
author={O. G. Attia and T. Johnson and K. Townsend and P. Jones and J. Zambreno}, 
booktitle={2014 IEEE International Parallel Distributed Processing Symposium Workshops}, 
title={CyGraph: A Reconfigurable Architecture for Parallel Breadth-First Search}, 
year={2014}, 
volume={}, 
number={}, 
pages={228-235}, 
keywords={field programmable gate arrays;parallel architectures;search problems;CSR format;Convey HC-2 system;CyGraph reconfigurable architecture;FPGA-based implementation;compressed-sparse raw format;field programmable gate array;graph structures;high-performance computing application;memory bandwidth;parallel BFS;parallel breadth-first search;Algorithm design and analysis;Arrays;Bandwidth;Indexes;Kernel;Optimization;Breadth-First Search;Convey HC-2;FPGA;Graphs;Reconfigurable Computing}, 
doi={10.1109/IPDPSW.2014.30}, 
ISSN={}, 
month={May},}

@INPROCEEDINGS{nurvitadhi2014graphgen, 
author={E. Nurvitadhi and G. Weisz and Y. Wang and S. Hurkat and M. Nguyen and J. C. Hoe and J. F. Martínez and C. Guestrin}, 
booktitle={2014 IEEE 22nd Annual International Symposium on Field-Programmable Custom Computing Machines}, 
title={GraphGen: An FPGA Framework for Vertex-Centric Graph Computation}, 
year={2014}, 
volume={}, 
number={}, 
pages={25-28}, 
keywords={data mining;data structures;field programmable gate arrays;formal specification;graph theory;graphics processing units;integrated circuit design;learning (artificial intelligence);mathematics computing;memory architecture;FPGA platform;GraphGen;Intel Core i7 CPU;Terasic DE4;Xilinx ML605 FPGA boards;application-specific synthesized graph processor;data mining application;graph data structures;handwriting recognition graph applications;hardware acceleration;machine learning application;memory system;stereo matching graph applications;vertex-centric framework;vertex-centric graph computation;vertex-centric graph specification;Data structures;Field programmable gate arrays;Handwriting recognition;Hardware;Random access memory;Software;Graph computation;case studies;design framework}, 
doi={10.1109/FCCM.2014.15}, 
ISSN={}, 
month={May},}

@INPROCEEDINGS{zhou2015fpgasssp, 
author={S. Zhou and C. Chelmis and V. K. Prasanna}, 
booktitle={2015 IEEE International Parallel and Distributed Processing Symposium Workshop}, 
title={Accelerating Large-Scale Single-Source Shortest Path on FPGA}, 
year={2015}, 
volume={}, 
number={}, 
pages={129-136}, 
keywords={clocks;field programmable gate arrays;graph theory;parallel processing;Bellman-Ford algorithm;FPGA;Graph 500 benchmark list;SSSP;clock cycle;clock rate;data dependencies;data intensive applications;external memory;external memory bandwidth;external memory bandwidth utilization;graph structure;graph vertices;large-scale graph algorithm;large-scale graph processing;large-scale single-source shortest path acceleration;maximum data parallelism;multiple edge processing;optimized data layout;parallel graph processing;supercomputing systems;Algorithm design and analysis;Bandwidth;Clocks;Field programmable gate arrays;Memory management;Sorting;FPGA;Large-Scale Graph;Single-Source Shortest Path}, 
doi={10.1109/IPDPSW.2015.130}, 
ISSN={}, 
month={May},}

@INPROCEEDINGS{zhou2015fpgapagerank, 
author={S. Zhou and C. Chelmis and V. K. Prasanna}, 
booktitle={2015 International Conference on ReConFigurable Computing and FPGAs (ReConFig)}, 
title={Optimizing memory performance for FPGA implementation of pagerank}, 
year={2015}, 
volume={}, 
number={}, 
pages={1-6}, 
keywords={DRAM chips;field programmable gate arrays;graph theory;optimisation;FPGA;PageRank;graph algorithm;irregular memory access pattern;off-chip DRAM;random memory access;Computational modeling;Computer architecture;Field programmable gate arrays;Layout;Pipelines;Random access memory;System-on-chip;FPGA;Memory performance;PageRank}, 
doi={10.1109/ReConFig.2015.7393332}, 
ISSN={}, 
month={Dec},}

@inproceedings{Dai2016fpgp,
 author = {Dai, Guohao and Chi, Yuze and Wang, Yu and Yang, Huazhong},
 title = {FPGP: Graph Processing Framework on FPGA A Case Study of Breadth-First Search},
 booktitle = {Proceedings of the 2016 ACM/SIGDA International Symposium on Field-Programmable Gate Arrays},
 series = {FPGA '16},
 year = {2016},
 isbn = {978-1-4503-3856-1},
 location = {Monterey, California, USA},
 pages = {105--110},
 numpages = {6},
 url = {http://doi.acm.org/10.1145/2847263.2847339},
 doi = {10.1145/2847263.2847339},
 acmid = {2847339},
 publisher = {ACM},
 address = {New York, NY, USA},
 keywords = {fpga framework, large scale graph processing},
} 

@INPROCEEDINGS{engelhardt2016gravf, 
author={N. Engelhardt and H. K. H. So}, 
booktitle={2016 26th International Conference on Field Programmable Logic and Applications (FPL)}, 
title={GraVF: A vertex-centric distributed graph processing framework on FPGAs}, 
year={2016}, 
volume={}, 
number={}, 
pages={1-4}, 
keywords={field programmable gate arrays;graph theory;logic design;tree searching;FPGA;GraVF;PageRank;breadth-first search;connected component;distributed graph processing;graph algorithms;high-level design framework;message semantics;single source shortest path;vertex-centric distributed graph processing framework;Algorithm design and analysis;Computational modeling;Computer architecture;Field programmable gate arrays;Hardware;Kernel;Programming}, 
doi={10.1109/FPL.2016.7577360}, 
ISSN={}, 
month={Aug},}

@INPROCEEDINGS{engelhardt2016fpgavertex, 
author={N. Engelhardt and H. K. H. So}, 
booktitle={2016 IEEE 24th Annual International Symposium on Field-Programmable Custom Computing Machines (FCCM)}, 
title={Vertex-Centric Graph Processing on FPGA}, 
year={2016}, 
volume={}, 
number={}, 
pages={92-92}, 
keywords={field programmable gate arrays;graph theory;FPGA;distributed architecture;graph algorithms;vertex-centric graph processing;Computer architecture;Electronic mail;Field programmable gate arrays;Kernel;Memory;Optimization;Programming;FPGA;graph framework;graph processing;vertex-centric}, 
doi={10.1109/FCCM.2016.31}, 
ISSN={}, 
month={May},}

@INPROCEEDINGS{giefers2016energy-efficientstochasticmatrix, 
author={H. Giefers and P. Staar and R. Polig}, 
booktitle={2016 26th International Conference on Field Programmable Logic and Applications (FPL)}, 
title={Energy-efficient stochastic matrix function estimator for graph analytics on FPGA}, 
year={2016}, 
volume={}, 
number={}, 
pages={1-9}, 
keywords={Big Data;approximation theory;complex networks;coprocessors;estimation theory;field programmable gate arrays;graph theory;mathematics computing;matrix algebra;stochastic processes;Big Data applications;FPGA coprocessor;POWER8 hybrid compute platform;complex networks;data center;energy efficient computing;energy-efficient stochastic matrix function estimator;general matrix function statistical approximation;graph analytics;large graph processing;linear algebra operations;subgraph centrality method;Graphics processing units}, 
doi={10.1109/FPL.2016.7577350}, 
ISSN={}, 
month={Aug},}

@ARTICLE{lei2016fpgasssp, 
author={G. Lei and Y. Dou and R. Li and F. Xia}, 
journal={IEEE Transactions on Circuits and Systems II: Express Briefs}, 
title={An FPGA Implementation for Solving the Large Single-Source-Shortest-Path Problem}, 
year={2016}, 
volume={63}, 
number={5}, 
pages={473-477}, 
keywords={field programmable gate arrays;graph theory;microprocessor chips;power consumption;queueing theory;CPU;Dijkstra algorithm;FPGA;United States road network;extended systolic array priority queue;field-programmable gate arrays;graph theory;internal memories;power consumption;queue processing;single-source-shortest-path;Field programmable gate arrays;Logic gates;Memory management;Parallel processing;Random access memory;Field-programmable gate arrays (FPGAs);Single Source Shortest Path (SSSP);Systolic array priority queue (SAPQ);fieldprogrammable gate arrays (FPGA);single source shortest path (SSSP);systolic array priority queue (SAPQ)}, 
doi={10.1109/TCSII.2015.2505998}, 
ISSN={1549-7747}, 
month={May},}

@inproceedings{Oguntebi2016graphops,
 author = {Oguntebi, Tayo and Olukotun, Kunle},
 title = {GraphOps: A Dataflow Library for Graph Analytics Acceleration},
 booktitle = {Proceedings of the 2016 ACM/SIGDA International Symposium on Field-Programmable Gate Arrays},
 series = {FPGA '16},
 year = {2016},
 isbn = {978-1-4503-3856-1},
 location = {Monterey, California, USA},
 pages = {111--117},
 numpages = {7},
 url = {http://doi.acm.org/10.1145/2847263.2847337},
 doi = {10.1145/2847263.2847337},
 acmid = {2847337},
 publisher = {ACM},
 address = {New York, NY, USA},
 keywords = {accelerator, analytics, dataflow, fpga, graph analysis},
}

@INPROCEEDINGS{zhou2016highthroughput, 
author={S. Zhou and C. Chelmis and V. K. Prasanna}, 
booktitle={2016 IEEE 24th Annual International Symposium on Field-Programmable Custom Computing Machines (FCCM)}, 
title={High-Throughput and Energy-Efficient Graph Processing on FPGA}, 
year={2016}, 
volume={}, 
number={}, 
pages={103-110}, 
keywords={DRAM chips;energy conservation;field programmable gate arrays;logic design;parallel architectures;performance evaluation;power aware computing;trees (mathematics);FPGA design;MTEPS;concurrent multiple input data processing;data layout;edge-centric computing;efficient memory activation schedule;energy-efficiency improvement;energy-efficient graph processing;external memory bandwidth saturation;external memory performance optimization;high-throughput graph processing;large-scale graph processing design;million traversed edges per second;minimum spanning tree algorithm;on-chip memory power consumption reduction;parallel architecture;single-source shortest path algorithm;throughput improvement;weakly connected component algorithm;Field programmable gate arrays;Layout;Memory management;Optimization;Random access memory;Throughput;Writing}, 
doi={10.1109/FCCM.2016.35}, 
ISSN={}, 
month={May},}

@inproceedings{Dai2017foregraph,
 author = {Dai, Guohao and Huang, Tianhao and Chi, Yuze and Xu, Ningyi and Wang, Yu and Yang, Huazhong},
 title = {ForeGraph: Exploring Large-scale Graph Processing on Multi-FPGA Architecture},
 booktitle = {Proceedings of the 2017 ACM/SIGDA International Symposium on Field-Programmable Gate Arrays},
 series = {FPGA '17},
 year = {2017},
 isbn = {978-1-4503-4354-1},
 location = {Monterey, California, USA},
 pages = {217--226},
 numpages = {10},
 url = {http://doi.acm.org/10.1145/3020078.3021739},
 doi = {10.1145/3020078.3021739},
 acmid = {3021739},
 publisher = {ACM},
 address = {New York, NY, USA},
 keywords = {large-scale graph processing, multi-FPGA architecture},
}

@article{lee2017extrav,
  title={ExtraV: boosting graph processing near storage with a coherent accelerator},
  author={Lee, Jinho and Kim, Heesu and Yoo, Sungjoo and Choi, Kiyoung and Hofstee, H Peter and Nam, Gi-Joon and Nutter, Mark R and Jamsek, Damir},
  journal={Proceedings of the VLDB Endowment},
  volume={10},
  number={12},
  pages={1706--1717},
  year={2017},
  publisher={VLDB Endowment}
}

@inproceedings{Ma2017fpgahtm,
 author = {Ma, Xiaoyu and Zhang, Dan and Chiou, Derek},
 title = {FPGA-Accelerated Transactional Execution of Graph Workloads},
 booktitle = {Proceedings of the 2017 ACM/SIGDA International Symposium on Field-Programmable Gate Arrays},
 series = {FPGA '17},
 year = {2017},
 isbn = {978-1-4503-4354-1},
 location = {Monterey, California, USA},
 pages = {227--236},
 numpages = {10},
 url = {http://doi.acm.org/10.1145/3020078.3021743},
 doi = {10.1145/3020078.3021743},
 acmid = {3021743},
 publisher = {ACM},
 address = {New York, NY, USA},
 keywords = {FPGA accelerator, graph application, multi-threaded architecture, throughput compute, transactional memory},
}

@inproceedings{Zhang2017fpgahmcbfs,
 author = {Zhang, Jialiang and Khoram, Soroosh and Li, Jing},
 title = {Boosting the Performance of FPGA-based Graph Processor Using Hybrid Memory Cube: A Case for Breadth First Search},
 booktitle = {Proceedings of the 2017 ACM/SIGDA International Symposium on Field-Programmable Gate Arrays},
 series = {FPGA '17},
 year = {2017},
 isbn = {978-1-4503-4354-1},
 location = {Monterey, California, USA},
 pages = {207--216},
 numpages = {10},
 url = {http://doi.acm.org/10.1145/3020078.3021737},
 doi = {10.1145/3020078.3021737},
 acmid = {3021737},
 publisher = {ACM},
 address = {New York, NY, USA},
 keywords = {graph processor, hybrid memory cube:bfs},
}

@inproceedings{Khoram2018fpgaco-optimizinghmc,
 author = {Khoram, Soroosh and Zhang, Jialiang and Strange, Maxwell and Li, Jing},
 title = {Accelerating Graph Analytics by Co-Optimizing Storage and Access on an FPGA-HMC Platform},
 booktitle = {Proceedings of the 2018 ACM/SIGDA International Symposium on Field-Programmable Gate Arrays},
 series = {FPGA '18},
 year = {2018},
 isbn = {978-1-4503-5614-5},
 location = {Monterey, CALIFORNIA, USA},
 pages = {239--248},
 numpages = {10},
 url = {http://doi.acm.org/10.1145/3174243.3174260},
 doi = {10.1145/3174243.3174260},
 acmid = {3174260},
 publisher = {ACM},
 address = {New York, NY, USA},
 keywords = {graph analytics, graph clustering, hardware accelerators, hybrid memory cube, reconfigurable logic},
}

@inproceedings{Li2017aggressivepipeline,
 author = {Li, Zhaoshi and Liu, Leibo and Deng, Yangdong and Yin, Shouyi and Wang, Yao and Wei, Shaojun},
 title = {Aggressive Pipelining of Irregular Applications on Reconfigurable Hardware},
 booktitle = {Proceedings of the 44th Annual International Symposium on Computer Architecture},
 series = {ISCA '17},
 year = {2017},
 isbn = {978-1-4503-4892-8},
 location = {Toronto, ON, Canada},
 pages = {575--586},
 numpages = {12},
 url = {http://doi.acm.org/10.1145/3079856.3080228},
 doi = {10.1145/3079856.3080228},
 acmid = {3080228},
 publisher = {ACM},
 address = {New York, NY, USA},
 keywords = {FPGA, Hardware Accelerator, Parallel Programming},
} 

@inproceedings{Zhang2018degreeawarebfs,
 author = {Zhang, Jialiang and Li, Jing},
 title = {Degree-aware Hybrid Graph Traversal on FPGA-HMC Platform},
 booktitle = {Proceedings of the 2018 ACM/SIGDA International Symposium on Field-Programmable Gate Arrays},
 series = {FPGA '18},
 year = {2018},
 isbn = {978-1-4503-5614-5},
 location = {Monterey, CALIFORNIA, USA},
 pages = {229--238},
 numpages = {10},
 url = {http://doi.acm.org/10.1145/3174243.3174245},
 doi = {10.1145/3174243.3174245},
 acmid = {3174245},
 publisher = {ACM},
 address = {New York, NY, USA},
 keywords = {fpga, graph processing, hybrid memory cude},
} 

@article{halstead2014compilingirregular,
  title={Compiling irregular applications for reconfigurable systems},
  author={Halstead, Robert J and Villarreal, Jason and Najjar, Walid A},
  journal={International Journal of High Performance Computing and Networking},
  volume={7},
  number={4},
  pages={258--268},
  year={2014},
  publisher={Inderscience Publishers Ltd}
}